@Book{MacKenzie,
author = {David Neil MacKenzie},
maintitle = {Kurdish Dialect Studies},
volume = {I},
publisher = {Oxford University Press},
year = {1961},
series = {London Oriental Series},
number = {9},
address = {London},
addendum = {Reprinted by the School of Oriental and African Studies 1981},
}

@unpublished{DryerAffix,
	author = {Matthew S. Dryer},
	date = {2015},
	howpublished = {Presentation in the Diversity Linguistics conference, MPI Leipzig, 1 May 2015 },
	title = {Affix as a Comparative Concept},
	url = {www.eva.mpg.de/fileadmin/content_files/linguistics/conferences/2015-diversity-linguistics/Dryer_handout.pdf}
}

@unpublished{Cristofaro,
	author = {Sonia Cristofaro},
	date = {2015},
	howpublished = {Presentation in the Diversity Linguistics conference, MPI Leipzig, 1 May 2015 },
	title = {Synchronic vs.\ diachronic explanations of typological universals: {R}edefining the role of frequency},
	url = {http://www.eva.mpg.de/fileadmin/content_files/linguistics/conferences/2015-diversity-linguistics/Cristoforo_handout.pdf},
}

@thesis{SchallerSanandaj,
	author = {Schaller, Nurit},
	date = {2007},,
	institution = {Hochschule für Jüdische Studien Heidelberg},
	title = {Grammatische Skizze des Jüdisch Nordostneuaramäischen Dialekts aus Sanandaǧ (Iranisch Kurdistan)},
	type = {Magisterarbeit}
}

@thesis{Riester,
	author = {Arndt Riester},
	date = {2001},,
	institution = {Universiteit van Amsterdam},
	title = {A Cross-Linguistic Perspective on Attributive Possession},
	type = {\textit{Doctoraalscriptie Taalwetenschap} (Master thesis in linguistics)}
}

@online{SemArch,
	addendum = {Archive of recordings of living Semitic languages, curated at the University of Heidelberg.},,
	booktitle = {SemArch - Semitisches Tonarchiv},
	editor = {Werner Arnold},
	editora = {Hafis El-Ghannam},
	editoratype = {Technical realization},
	shorthand = {Arnold, ed.},
	title = {SemArch - Semitisches Tonarchiv},
	url = {www.semarch.uni-hd.de}
}

@online{NenaDatabase,
	addendum = {Curated at the University of Cambridge},,
	booktitle = {The North Eastern Neo-Aramaic Database Project},
	editor = {Khan, Geoffrey},
	publisher = {University of Cambridge},
	shorthand = {Khan, ed.},
	title = {The North Eastern Neo-Aramaic Database Project},
	url = {nena.caret.cam.ac.uk}
}

@online{LeipzigGlossingRules,
	author = {Bernard Comrie and Martin Haspelmath and Balthasar Bickel},
	title = {The {Leipzig} Glossing Rules: {C}onventions for interlinear morpheme-by-morpheme glosses\nopunct},
	titleaddon = {(revised version of February 2008)},
	year = 2008, url = {www.eva.mpg.de/lingua/resources/glossing-rules.php},
}

@online{GutmanCompounds,
	author = {Ariel Gutman},
	note = {Presentation at the International Conference on the Cross-linguistic Comparison of Indo-Germanic and Semitic Languages, University of Konstanz, 21--23 July 2014},,
	title = {Construct State Constructions in Neo-Aramaic: {A}re These Compounds?},
	url = {www.academia.edu/7804086/Construct_State_Constructions_in_Neo-Aramaic_Are_These_Compounds},
	year = {2014}
}

@incollection{Samiian1994,
	address = {Bethesda, MD},
	author = {Samiian, Vida},
	booksubtitle = {Studies in Honor of {Mohammad Ali Jazayery}},
	booktitle = {Persian studies in {North America}},
	editor = {Mehdi Marashi},
	pages = {17--41},
	publisher = {Iranbooks},
	title = {The {Ezafe} construction: {S}ome implications for the theory of {X-bar} syntax},
	year = {1994},
}

@incollection{MutzafiSalamas,
	author = {Mutzafi, Hezy},
	crossref = {KhanNapiorkowska},
	pages = {289--304},,
	title = {Christian Salamas and Jewish Salamas: {T}wo Separate Types of Neo-Aramaic},
	year = {\biberror{no year}}
}

@incollection{MengozziExtended,
	author = {Alessandro Mengozzi},
	crossref = {MengozziStudi},
	pages = {371--390},,
	title = {Extended Prepositions in Neo-Aramaic, Kurdish and Italian},
	year = {\biberror{no year}}
}

@incollection{JastrowDetermination,
	address = {Münster},,
	author = {Jastrow, Otto},
	booksubtitle = {Festschrift für Rainer Voigt anläßlich seines 60. Geburtstages am 17. Januar 2004},
	booktitle = {Studia Semitica et Semitohamitica},
	editor = {Bogdan Burtea and Josef Tropper and Helen Younansardaroud},
	number = 317, 
	year = 2005,
	publisher = {Ugarit Verlag},
	pages = {\biberror{no pages}},
	publisher = {\biberror{no publisher}},
	series = {Alter Orient und Altes Testament},
	title = {Der bestimmte Artikel im Aramäischen - ein Blick auf 3000 Jahre Sprachgeschichte} 
}

@incollection{HaigLinker,
	address = {Amsterdam},
	author = {Geoffrey Haig},
	booktitle = {Nominalization in Asian Languages: {D}iachronic and Typological perspectives},
	date = {2011},
	editor = {Foong Ha Yap and Karen Grunow-Hårsta and Janick Wrona},
	pages = {363--390},,
	publisher = {Benjamins},
	title = {Linker, relativizer, nominalizer, tense-particle: {O}n the Ezafe in West Iranian},
	year = {\biberror{no year}}
}

@incollection{GutmanGaznax,
	author = {Gutman, Ariel},
	crossref = {KhanNapiorkowska},,
	pages = {305--321},
	title = {Some Features of the Gaznax Dialect (South-East Turkey)},
	year = {\biberror{no year}}
}

@incollection{SchroederAttribution,
	address = {Berlin},
	author = {Christoph Schroeder},
	booktitle = {Studien zur Phonologie, Grammatik, Sprachphilosophie und Semiotik},
	date = {1999},
	editor = {Yaron Matras and Jeanette Sakel},
	number = 38,,
	pages = {43--63},
	publisher = {Mouton de Gruyter},
	series = {Empirical approaches to language typology},
	title = {Attribution im Kurmancî (Nordkurdisch)},
	year = {2007},
	} -- More (100%) -- @Collection{MatrasSakelGrammatical, title = {Grammatical Borrowing in Cross-Linguistic Perspective}
}

@incollection{SakelTypes,
	author = {Jeanatte Sakel},
	crossref = {MatrasSakelGrammatical},,
	pages = {15--30},
	title = {Types of loan: {M}atter and pattern},
	year = {\biberror{no year}}
}

@incollection{NoorlanderStilo,
	author = {Paul M. Noorlander and Donald Stilo},
	crossref = {KhanNapiorkowska},,
	pages = {426--484},
	title = {On the Convergence of Verbal Systems of Aramaic and Its Neighbours},
	year = {\biberror{no year}}
}

@incollection{MutzafiAradhin,
	author = {Mutzafi, Hezy},
	crossref = {jastrow2002sprich},
	pages = {479--488},,
	title = {On the Jewish Neo-Aramai Dialect of Aradhin and its Dialectal Affinities},
	year = {\biberror{no year}}
}

@incollection{LahiriBengali,
	addendum = {First published in 2000},
	address = {Berlin},
	author = {Aditi Lahiri},
	booksubtitle = {Principles of change in phonology and morphology},
	booktitle = {Analogy, Levelling \& Markedness},
	edition = {Second and revised edition},
	editor = {Aditi Lahiri},
	pages = {71--123},
	publisher = {Mouton de Gruyter},
	title = {Hierarchical restructuring in the creation of verbal morphology in {Bengali and Germanic}: {E}vidence from phonology},
	year = {2003},
}

@incollection{Kiral,
	address = {Wiesbaden},
	author = {Filiz Kıral},
	booktitle = {Turkic Languages in Contact},
	editor = {Hendrik Boeschoten and Lars Johanson},
	number = 61, pages = {158--165},,
	pages = {\biberror{no pages}},
	publisher = {Harrassowitz Verlag},
	title = {Izafet constructions in {Turkic} varieties of {Iran}},
	year = 2006, series = {Turcologica}
}

@incollection{KhanRustaqa,
	author = {Khan, Geoffrey},
	crossref = {jastrow2002sprich},
	pages = {395--410},,
	title = {The Neo-Aramaic Dialect of the Jews of Rustaqa},
	year = {\biberror{no year}}
}

@incollection{KhanGrammatical,
	author = {Geoffrey Khan},
	crossref = {MatrasSakelGrammatical},
	pages = {197--214},,
	title = {Grammatical borrowing in North-eastern Neo-Aramaic},
	year = {\biberror{no year}}
}

@incollection{KhanDefinitness,
	address = {Wiesbaden},
	author = {Geoffrey Khan},
	booktitle = {Aramaic in its Historical and Linguistic Setting},
	editor = {Holger Gzella and Margaretha L. Folmer},
	number = 50,,
	pages = {287--304},
	publisher = {Harrassowitz Verlag},
	title = {The Expression of Definiteness in North-Eastern Neo-Aramaic Dialects},
	year = 2008, series = {Veröffentlichungen der Orientalischen Kommisssion der Akademie Mainz}
}

@incollection{HobermanZakho,
	address = {Torino},
	author = {Robert D. Hoberman},
	booksubtitle = {Serta philologica Constantino Tsereteli dicata},
	booktitle = {Semitica},
	editor = {Riccardo Contini and Fabrizio A. Pennacchietti and Mauro Tosco},
	pages = {115--126},
	publisher = {Silvio Zamorani Editore},
	title = {Chaldean Aramaic of Zakho},
	year = 1993,
}

@incollection{HeinrichsSenaya,
	author = {Heinrichs, Wolfhart},
	crossref = {jastrow2002sprich},,
	pages = {237--268},
	title = {Peculiarities of the Verbal System of Senāya within the Framework of North Eastern Neo-Aramaic (NENA)},
	year = {\biberror{no year}}
}

@incollection{GutmanForgetting,
	address = {Jerusalem},
	author = {Ariel Gutman},
	booktitle = {Forgetting: {A}n Interdisciplinary Conversation},
	editor = {Giovanni Galizia and David Shulman},
	pages = {\biberror{no pages}},
	publisher = {Magnes Press},
	series = {Martin Buber Society of Fellows Notebook Series},
	title = {Forgetting Language: {L}anguage change and language death as cases of forgetting},
	year = 2015, pages = {99--112},
}

@incollection{GutmanContact,
	address = {\biberror{no address}},
	author = {Gutman, Ariel},
	booksubtitle = {Contact de langues :  situations, représentations, réalisations},
	booktitle = {Actes des 18èmes Rencontres Jeunes Chercheurs en Sciences du Langage (RJC 2015)},
	editor = {\biberror{no editor}},
	pages = {\biberror{no pages}},
	publisher = {\biberror{no publisher}},
	title = {Can pattern replication be easily established? {T}he case of the Neo-Aramaic Neo-Construct},
	url = {https://www.academia.edu/27658392/Can_pattern_replication_be_easily_established_The_case_of_the_Neo-Aramaic_Neo-Construct},
	year = {2016⁺}
}

@incollection{Gandon,
	address = {\biberror{no address}},
	author = {Ophélie Gandon},
	booksubtitle = {Contact de langues :  situations, représentations, réalisations},
	booktitle = {Actes des 18èmes Rencontres Jeunes Chercheurs en Sciences du Langage ({RJC 2015})},
	editor = {\biberror{no editor}},
	pages = {\biberror{no pages}},
	publisher = {\biberror{no publisher}},
	title = {Convergence areas in the {Caucasus-Western Iran} area with respect to relativization strategies},
	url = {www.academia.edu/13816517/Convergence_areas_in_the_Caucasus-Western_Iran_area_with_respect_to_relativization_strategies_To_appear_},
	year = {2016⁺}
}

@incollection{CohenEzafe,
	address = {Leiden},
	author = {Eran Cohen},
	booktitle = {Semitic Languages in Contact},
	editor = {Aaron M. Butts},
	number = 82, year = {2015},
	pages = {114--125},,
	publisher = {Brill},
	series = {Studies in Semitic Languages and Linguistics},
	title = {Head-Marking in Neo-Aramaic Genitive Constructions and the \textit{ezafe} Construction in Kurdish},
	year = {\biberror{no year}}
}

@incollection{CoghillNotable,
	author = {Eleanor Coghill},
	crossref = {KhanStudies},
	pages = {91--104},,
	title = {Some Notable Features in North-Eastern Neo-Aramaic Dialects of Iraq},
	year = {\biberror{no year}}
}

@incollection{CoghillChange,
	address = {Oxford},,
	author = {Eleanor Coghill},
	booktitle = {The Oxford Handbook of Language Contact},
	editor = {Anthony Grant},
	pages = {\biberror{no pages}},
	publisher = {Oxford University Press},
	title = {North-Eastern Neo-Aramaic and Language Contact},
	year = {forthcoming}
}

@incollection{ChyetLoanwords,
	address = {Winona Lake, IN},
	author = {Michael L. Chyet},
	booksubtitle = {Studies in Honor of Georg Krotkoff},
	booktitle = {Humanism, Culture, and Language in the Near East},
	editor = {Asma Afsaruddin and A. H. Mathias Zahniser},
	pages = {283--300},
	publisher = {Eisenbrauns},
	title = {A Preliminary List of Aramaic Loanwords in Kurdish},
	year = {1997},
}

@incollection{BrownChumakina,
	author = {Dunstan Brown and Marina Chumakina},
	crossref = {Canonical},,
	pages = {1--19},
	title = {What there might be and what there is: {A}n introduction to Canonical Typology},
	year = {\biberror{no year}}
}

@inbook{TammWALS62,
	author = {Maria Koptjevskaja-Tamm},
	crossref = {WALS},,
	title = {Action Nominal Constructions},
	url = {http://wals.info/chapter/62}
}

@inbook{NicholsBickelWals,
	author = {Nichols, Johanna and Bickel, Balthasar},
	crossref = {WALS},,
	title = {Locus of Marking in Possessive Noun Phrases},
	url = {http://wals.info/chapter/24}
}

@inbook{GilWals60,
	author = {Gil, David},
	crossref = {WALS},,
	title = {Genitives, Adjectives and Relative Clauses},
	url = {http://wals.info/chapter/60}
}

@inbook{DryerWALS90,
	author = {Matthew S. Dryer},
	crossref = {WALS},,
	title = {Order of Relative Clause and Noun},
	url = {http://wals.info/chapter/90}
}

@inbook{DryerWALS87,
	author = {Matthew S. Dryer},
	crossref = {WALS},,
	title = {Order of Adjective and Noun},
	url = {http://wals.info/chapter/87}
}

@inbook{DryerWALS86,
	author = {Matthew S. Dryer},
	crossref = {WALS},,
	title = {Order of Genitive and Noun},
	url = {http://wals.info/chapter/86}
}

@inbook{BickelNicholsWals58,
	author = {Balthasar Bickel and Johanna Nichols},
	crossref = {WALS},,
	title = {Obligatory Possessive Inflection},
	url = {http://wals.info/chapter/58}
}

@collection{KhanNapiorkowska,
	address = {Piscataway, NJ},
	booktitle = {The Language Spoken in Ancient Samʾal},
	date = {2015},
	editor = {Geoffrey Khan and Lidia Napiorkowska},
	eprint = {545138},
	eprinttype = {jstor},,
	journal = {Journal of Near Eastern Studies},
	number = {14},
	publisher = {Gorgias Press},
	series = {Gorgias Neo-Aramaic Studies},
	title = {The Language Spoken in Ancient Samʾal},
	volume = 37, number = 2, issuetitle = {The Chicago Colloquium on Aramaic Studies},
	year = 1978, pages = {115--118},
	}    -- More (100%) -- @article{Dion, author = {Paul-E. Dion}
}

@book{ZwickyClitics,
	address = {Bloomington, IN},
	author = {Zwicky, Arnold M.},
	publisher = {Indiana University Linguistics Club},
	title = {On Clitics},
	year = {1977},
}

@book{YounansardaroudSardarid,
	addendum = AUDIO#{\url{www.semarch.uni-hd.de/tondokumente.php43?ORT_ID=14}},,
	address = {Wiesbaden},
	author = {Helen Younansardaroud},
	date = {2001},
	number = {26},
	publisher = {Harrassowitz Verlag},
	series = {Semitica Viva},
	title = {Der neuostaramäische Dialekt von Särdäːrïd},
	year = {\biberror{no year}}
}

@book{SabarDictionary,
	address = {Wiesbaden},
	author = {Sabar, Yona},
	number = {28},
	publisher = {Harrassowitz Verlag},
	series = {Semitica Viva},
	subtitle = {Dialects of Amidya, Dihok, Nerwa and Zakho, northwestern Iraq },
	title = {A Jewish Neo-Aramaic dictionary},
	year = {2002}
}

@book{NapiorkowskaDiyana,
	address = {Leiden},
	author = {Lida Napiorkowska},
	number = 81, year = 2015,,
	publisher = {Brill},
	series = {Studies in Semitic Languages and Linguistics},
	title = {A Grammar of the Christian Neo-Aramaic Dialect of Diyana-Zariwaw},
	year = {\biberror{no year}}
}

@book{MurelliRelative,
	address = {Berlin},
	author = {Adriano Murelli},
	number = {50},,
	publisher = {De Gruyter Mouton},
	series = {Empirical approaches to language typology},
	title = {Relative constructions in {European} non-standard varieties},
	year = {2011}
}

@book{Miller,
	address = {New York},
	author = {Miller, Philip H.},
	publisher = {Garland},
	title = {Clitics and constituents in phrase structure grammar},
	year = 1992,
}

@book{MengozziPoetry2011,
	address = {Louvain},
	booktitle = {Religious Poetry in Vernacular Syriac from Northern Iraq (17th-20th Centuries)},
	editor = {Alessandro Mengozzi},
	number = {627--628},
	publisher = {Peeters},
	title = {Religious Poetry in Vernacular Syriac from Northern Iraq (17th-20th Centuries)},
	vols = 2, series = {Corpus Scriptorum Christianorum Orientalium},
	year = 2011,
}

@book{MengozziPoetry2002,
	address = {Louvain},
	booktitle = {Israel of Alqosh and Joseph of Telkepe, A Story in a Truthful Language},
	editor = {Alessandro Mengozzi},
	number = {589},
	publisher = {Peeters},
	series = {Corpus Scriptorum Christianorum Orientalium},
	subtitle = {Religious Poems in Vernacular Syriac (North Iraq, 17th Century)},
	title = {Israel of Alqosh and Joseph of Telkepe, A Story in a Truthful Language},
	volume = {I: Text and Glossary},
	year = {2002},
}

@book{MahmoudveysiGawraju,
	address = {Wiesbaden},
	author = {Parwin Mahmudweyssi and Denise Bailey and Ludwig Paul and Geoffrey Haig},
	number = 35, year = 2012,,
	publisher = {Dr. Ludwig Reichert Velag},
	series = {Beiträge zur Iranistik},
	subtitle = {Texts, grammar, and lexicon},
	title = {The Gorani language of Gawraǰū, a village of West Iran},
	year = {\biberror{no year}}
}

@book{LewisGrammar,
	address = {Oxford},
	author = {Lewis, Geoffrey L.},
	publisher = {Clarendon Press},
	title = {Turkish grammar},
	year = {1967},
}

@book{KrotkoffAradhin,
	addendum = AUDIO#{\url{www.semarch.uni-hd.de/tondokumente.php43?ORT_ID=59}},
	address = {New Haven, CT},
	author = {Georg Krotkoff},
	number = 64, note = {[A description of C. Aradhin dialect]},
	publisher = {American Oriental Society},
	series = {American Oriental Series},
	subtitle = {Texts, Grammar and Vocabulary},
	title = {A Neo-Aramaic Dialect of Kurdistan},
	year = {1982}
}

@book{KhanSulemaniyya,
	addendum = AUDIO#{\url{www.semarch.uni-hd.de/tondokumente.php43?ORT_ID=138}},
	address = {Leiden},
	author = {Geoffrey Khan},
	date = {2004},
	number = {44},
	publisher = {Brill},
	series = {Studies in Semitic Languages and Linguistics},
	title = {The Jewish Neo-Aramaic Dialect of Sulemaniyya and Ḥalabja},
	year = {\biberror{no year}}
}

@book{KhanQaraqosh,
	addendum = AUDIO#{\url{www.semarch.uni-hd.de/tondokumente.php43?ORT_ID=137}},
	address = {Leiden},
	author = {Khan, Geoffrey},
	number = {36},
	publisher = {Brill},
	series = {Studies in Semitic languages and linguistics},
	title = {The Neo-Aramaic Dialect of Qaraqosh},
	year = {2002}
}

@book{KhanArbel,
	addendum = AUDIO#{\url{www.semarch.uni-hd.de/dokumentgruppen.php43?ST_ID=5&DT_ID=124}},
	address = {Leiden},
	author = {Khan, Geoffrey},
	number = {I-47},
	publisher = {Brill},
	series = {Handbook of Oriental Studies},
	title = {A grammar of Neo-Aramaic: {T}he dialect of the Jews of Arbel},
	year = {1999}
}

@book{JastrowMidin,
	address = {Wiesbaden},
	author = {Jastrow, Otto},
	edition = {3. ergänzte Auflage},
	publisher = {Otto Harrassowitz},
	title = {Laut- und Formenlehre des neuaramaeischen Dialekts von Mīdin im Ṭūr ʿAbdīn},
	year = {1985},
}

@book{JastrowLehrbuch,
	address = {Wiesbaden},
	author = {Jastrow, Otto},
	number = 2,,
	publisher = {Harrassowitz Verlag},
	title = {Lehrbuch der Ṭuroyo-Sprache},
	year = 2002, series = {Semitica Viva - Series Didactica}
}

@book{JastrowHertevin,
	addendum = AUDIO#{\url{www.semarch.uni-hd.de/tondokumente.php43?ORT_ID=27}},
	address = {Wiesbaden},
	author = {Jastrow, Otto},
	number = {3},
	publisher = {Otto Harrassowitz Verlag},
	series = {Semitica Viva},
	title = {Der neuaramäische {Dialekt} von {Hertevin} ({Provinz Siirt})},
	year = {1988}
}

@book{IzadyKurds,
	address = {Washington, D.C.},
	author = {Mehrdad R. Izady},
	publisher = {Taylor \& Francis},
	subtitle = {A Concise Handbook},
	title = {The Kurds},
	year = {1992},
}

@book{Hartmann,
	address = {Berlin},
	booktitle = {       Der kurdische Diwan des Schēch Aḥmed von Ǧezīret Ibn ʿOmar genannt Mälaʾi Ǧizri},
	editor = {Martin Hartmann},
	publisher = {S. Calvary and Co},
	subtitle = {Fotolithografie einer Handschrift},
	title = {       Der kurdische Diwan des Schēch Aḥmed von Ǧezīret Ibn ʿOmar genannt Mälaʾi Ǧizri},
	year = 1904,
}

@book{HakemSorani,
	address = {Paris},
	author = {Halkawt Hakem},
	publisher = {L'Asiathèque -- maison des langues du monde},
	series = {Dictionnaires INALCO},,
	title = {Dictionnaire kurde-français (sorani)},
	year = {2012}
}

@book{HaigAlignment,
	address = {Berlin},
	author = {Haig, Geoffrey},
	number = {37},
	publisher = {Mouton de Gruyter},
	series = {Empirical approaches to language typology},
	subtitle = {a construction grammar approach},
	title = {Alignment change in Iranian languages},
	year = {2008}
}

@book{GreenblattAmidya,
	address = {Leiden},,
	author = {Jared Greenblatt},
	date = {2011},
	number = {61},
	publisher = {Brill},
	series = {Studies in Semitic Languages and Linguistics},
	title = {The Jewish Neo-Aramaic Dialect of Amədya},
	year = {\biberror{no year}}
}

@book{FoxJilu,
	address = {Wiesbaden},,
	author = {Fox, Samuel E.},
	number = {16},
	publisher = {Otto Harrassowitz Verlag},
	series = {Semitica Viva},
	title = {The Neo-Aramaic dialect of Jilu},
	year = {1997}
}

@book{FassbergChalla,
	address = {Leiden},,
	author = {Steven E. Fassberg},
	date = {2010},
	number = {54},
	publisher = {Brill},
	series = {Studies in Semitic Languages and Linguistics},
	title = {The Jewish Neo-Aramaic Dialect of Challa},
	year = {\biberror{no year}}
}

@book{Bozdemir,
	address = {Paris},
	number = 1, author = {Michel Bozdémir},
	publisher = {L'Asiathèque},
	series = {Langues de L'Asie - INALCO},
	title = {Méthode de Turc},
	year = 1991,
}

@article{christophe2008,
	author = {Christophe, Anne and Millotte, Séverine and Bernal, Savita and Lidz, Jeff},
	journal = {Language and speech},
	pages = {61--75},
	title = {Bootstrapping lexical and syntactic acquisition},
	volume = {51},
	year = {2008}
}

@article{ZwickySupressing,
	author = {Zwicky, Arnold M.},
	journal = {Journal of Linguistics},
	pages = {\biberror{no pages}},
	title = {Supressing the {Z's}},
	volume = 23, number = 1, pages = {133--148},
	year = 1987,
}

@article{ZwickyPullum,
	author = {Zwicky, Arnold M. and Geoffrey K. Pullum},
	journal = {Language},
	pages = {\biberror{no pages}},
	title = {Cliticization vs. {I}nflection: {English} \textit{n't}},
	volume = 59, pages = {502--513},
	year = 1983,
}

@article{Tsetsereli,
	author = {Konstantin Tsereteli},
	journal = {Bulletin of the School of Oriental and African Studies, University of London},
	pages = {\biberror{no pages}},
	publisher = {Cambridge University Press},,
	title = {A Type of Nominal Syntagm in Modern Aramaic Dialects},
	volume = 28, number = 2, year = 1965, pages = {227--232},
	year = {\biberror{no year}}
}

@article{SabarArabic,
	author = {Yona Sabar},
	eprint = {602651},,
	eprinttype = {jstor},
	journal = {Journal of the American Oriental Society},
	number = {1},
	pages = {201--211},
	publisher = {American Oriental Society},
	title = {The Arabic Elements in the Jewish Neo-Aramaic Texts of Nerwa and ʿAmādīya, Iraqi Kurdistan},
	volume = {104},
	year = {1984}
}

@article{PennacchiettiContact,
	author = {Fabrizio A. Pennacchietti and Alessandro Orengo},
	journal = {Egitto e Vicino Oriente},
	pages = {\biberror{no pages}},
	title = {Neoaramaico, Curdo e Armeno: {L}ingue a contatto},
	volume = 18, year = 1995, pages = {221--233},,
	year = {\biberror{no year}}
}

@article{Noorlander,
	author = {Paul M. Noorlander},
	journal = {Kurdish Studies},
	number = {2},
	pages = {201--224},
	title = {Diversity in convergence: {K}urdish and Aramaic variation entangled},
	url = {www.tplondon.com/journal/index.php/ks/issue/view/10},
	volume = {2},
	year = 2014,
}

@article{MutzafiBaz,
	author = {Mutzafi, Hezy},
	journal = {Journal of Semitic Studies},
	number = 2, year = 2000, pages = {293--322},
	pages = {\biberror{no pages}},
	subtitle = {Phonology, Morphology and Texts},
	title = {The Neo-Aramaic Dialect of Maha Khtaya d-Baz},
	volume = {XLV},
	year = {\biberror{no year}}
}

@article{MutzafiBarzani2002,
	author = {Mutzafi, Hezy},
	journal = {Mediterranean Language Review},
	pages = {\biberror{no pages}},
	title = {Barzani Jewish Neo-Aramaic and its dialects},
	volume = 14, year = 2002, pages = {41--70},,
	year = {\biberror{no year}}
}

@article{MutzafiBarzani,
	addendum = AUDIO#{\url{www.semarch.uni-hd.de/tondokumente.php43?&GR_ID=&ORT_ID=115&DOK_ID=1437}.},,
	author = {Mutzafi, Hezy},
	journal = {Bulletin of the School of Oriental and African Studies},
	number = {01},
	pages = {1--13},
	publisher = {Cambridge University Press},
	title = {Two texts in Barzani Jewish Neo-Aramaic},
	volume = {67},
	year = {2004}
}

@article{MatrasSakel,
	author = {Yaron Matras and Jeanette Sakel},
	date = {2007},
	journal = {\biberror{no journal}},
	journaltitle = {Studies in Language},
	number = {4},
	pages = {829--865},,
	title = {Investigating the mechanisms of pattern replication in language convergence},
	volume = {31},
	year = {\biberror{no year}}
}

@article{LahiriPlank,
	author = {Lahiri, Aditi and Plank, Frans},
	journal = {Transactions of the Philological Society},
	number = {3},
	pages = {370--398},
	shorttitle = {Phonological phrasing in Germanic},
	title = {Phonological phrasing in {Germanic}: {The} judgement of history, confirmed through experiment},
	volume = {108},
	year = {2010}
}

@article{KurdoevSlova,
	address = {Moscow},
	author = {Kurdoev, Kanat Kalashevich},
	journal = {Kratkie Soobščenija Inst. Vostok.},
	number = {XXII},
	pages = {28--36},
	title = {Numerativnye slova v kurdskom jazyke (Number terms in Kurdish)},
	volume = {\biberror{no volume}},
	year = {1956}
}

@article{Klavans,
	author = {Judith L. Klavans},
	journal = {Language},
	pages = {\biberror{no pages}},
	title = {The Independence of Syntax and Phonology in Cliticization},
	volume = 61, number = 1, year = {1985},,
	year = {\biberror{no year}}
}

@article{KimStammbaum,
	author = {Ronald Kim},
	eprint = {25608409},,
	eprinttype = {jstor},
	journal = {Journal of the American Oriental Society},
	pages = {\biberror{no pages}},
	title = {\enquote{Stammbaum} or Continuum? {T}he Subgrouping of Modern Aramaic Dialects Reconsidered},
	volume = 128,         number = 3,         pages = {505--531},
	year = {2008}
}

@article{KhanGenitive,
	author = {Geoffrey Khan},
	crossref = {WatsonResto2009},
	journal = {\biberror{no journal}},
	pages = {69--87},
	title = {The Genitive and Relative Clauses in the {North-Eastern Neo-Aramaic} Dialects},
	volume = {\biberror{no volume}},
	year = {\biberror{no year}}
}

@article{KabakSuspended,
	author = {Bariş Kabak},
	journal = {Linguistics},
	number = {2},
	pages = {311--347},
	title = {Turkish suspended affixation},
	volume = {45},
	year = 2007,
}

@article{Hoberman1988history,
	author = {Robert D. Hoberman},
	eprint = {603145},,
	eprinttype = {jstor},
	journal = {Journal of the American Oriental Society},
	pages = {\biberror{no pages}},
	title = {The history of the Modern Aramaic pronouns and pronominal suffixes},
	volume = 108,         number = 4,         pages={557--575},
	year = {1988}
}

@article{HaspelmathArticle,
	OPTISSN = {00978507},
	OPTlanguage = {English},
	OPTurl = {www.jstor.org/stable/417260},
	author = {Haspelmath, Martin},
	copyright = {Copyright © 1999 Linguistic Society of America},,
	eprint = {417260},
	eprinttype = {jstor},
	journal = {Language},
	number = {2},
	pages = {227--243},
	publisher = {Linguistic Society of America},
	title = {Explaining Article-Possessor Complementarity: {E}conomic Motivation in Noun Phrase Syntax},
	volume = {75},
	year = {1999}
}

@article{GutmanBootstrapping,
	author = {Ariel Gutman and Isabelle Dautriche and Benoît Crabbé and Anne Christophe},
	journal = {Language Acquisition},
	number = {3},
	pages = {285--309},,
	title = {Bootstrapping the Syntactic Bootstrapper: {P}robabilistic Labeling of Prosodic Phrases},
	volume = {22},
	year = {2015}
}

@article{GoldenbergEarly,
	OPTaddendum = {Reprinted in \citet[235--252]{GoldenbergFurther}},,
	author = {Gideon Goldenberg},
	date = {2000},
	journal = {\biberror{no journal}},
	journaltitle = {Journal of Semitic Studies},
	number = {1},
	pages = {69--89},
	related = {GoldenbergEarlyReprint},
	relatedstring = {Reprinted\nopunct},
	title = {Early Neo-Aramaic and Present-Day Dialectal Diversity},
	volume = {45},
	year = {\biberror{no year}}
}

@article{Garbell1965impact,
	author = {Garbell, Irene},
	journal = {Journal of the American Oriental Society},
	number = {2},
	pages = {159--177},
	title = {The Impact of Kurdish and Turkish on the Jewish Neo-Aramaic Dialect of Persian Azerbaijan and the Adjoining Regions},
	volume = {85},
	year = {1965}
}

@article{EdmondsPreposition,
	author = {C. J. Edmonds},
	eprint = {609592},,
	eprinttype = {jstor},
	journal = {Bulletin of the School of Oriental and African Studies},
	pages = {\biberror{no pages}},
	title = {Prepositions And Personal Affixes In Southern Kurdish},
	volume = 17, issue = 3, year = 1955, pages = {490--502},
	year = {\biberror{no year}}
}

@article{CoghillDOM,
	author = {Eleanor Coghill},
	journal = {Linguistics},
	pages = {\biberror{no pages}},
	title = {Differential Object Marking in Neo-Aramaic},
	volume = 52, number = 2, pages = {335--364},
	year = 2014,
}

@article{ChyetInfluence,
	author = {Michael L. Chyet},
	booktitle = {Neo-Aramaic and Kurdish},
	editor = {Shlomo Izre'el and Rina Drory},
	issuetitle = {Language and Culture in the Near East},
	journal = {Israel Oriental Studies},
	number = {XV},
	pages = {219--252},
	subtitle = {An Interdisciplinary Consideration of Their Influence on Each Other},
	title = {Neo-Aramaic and Kurdish},
	volume = {\biberror{no volume}},
	year = {1995},
}

@article{BorgheroGrammaticalization,
	author = {Roberta Borghero},
	journal = {Annali dell’Istituto Orientale di Napoli},
	pages = {\biberror{no pages}},
	title = {Aspects of Grammaticalization in North Eastern Neo-Aramaic},
	volume = 73, year = 2013, pages ={67--89},,
	year = {\biberror{no year}}
}

@unpublished{LarsonYamakido,
	author = {Richard K. Larson and Hiroko Yamakido},
	note = {Paper presented at the Linguistic Society of America annual meetings, Albuquerque, January, 2006.},
	title = {Zazaki \enquote{Double Ezafe} as Double Case-marking},
	year = {2006},
}

@unpublished{CohenDetermination,
	author = {Eran Cohen},
	note = {To appear in a \textit{Festschrift} for Ariel Shisha-Halevy},
	title = {The Determination System in the dialect of Jewish Zakho},
	year = {forthcoming},
}

@phdthesis{CoghillAlqosh,
	author = {Eleanor Coghill},
	school = {University of Cambridge},
	title = {The Neo-Aramaic dialect of Alqosh},
	year = {2003},
}

@online{McPhersonCaldani,
	author = {Laura McPherson and Paul Caldani},
	title = {Leshaan Senaaye: {T}he Senaya Language},
	url = {www.senaya.org},
	year = 2013
}

@mvbook{KhanBarwar,
	address = {Leiden},
	author = {Geoffrey Khan},
	number = {I-96},
	publisher = {Brill},
	series = {Handbook of Oriental Studies},
	title = {The Neo-Aramaic Dialect of Barwar},
	volumes = {3},,
	year = {2008}
}

@inproceedings{Grassi2013,
	address = {Kamen},
	author = {Giulia Francesca Grassi},
	booksubtitle = {Papers Reasd at the 10th Mainz International Collquium on Ancient Hebrew (MICAH), Mainz, 28--30 October 2011},
	booktitle = {Schrift und Sprache},
	editor = {Reinhard G. Lehmann and Anna Elise Zernecke},
	pages = {375--434},
	publisher = {Hermut Spenner},,
	series = {KUSATO},
	title = {Analytical and synthetic genitive constructions in {Old, Imperial and Epigraphic Middle Aramaic}},
	volume = {15},
	year = {2013}
}

@inproceedings{CreisselsConstruct,
	address = {London},
	author = {Denis Creissels},
	booktitle = { Proceedings of Conference on Language Documentation and Linguistic Theory 2},
	editor = {Peter K. Austin and Oliver Bond and Monik Charette and David Nathan and Peter Sells},
	pages = {73--82},
	publisher = {SOAS},
	title = {Construct forms of nouns in {African} languages},
	url = {www.hrelp.org/publications/ldlt2/papers/ldlt2_08.pdf},,
	year = {2009}
}

@inproceedings{CohenNucleus,
	author = {Eran Cohen},
	booktitle = {Proceeding of the VIII Afro-Asiatic Congress (September 2008, Naples)},
	number = {VII},
	pages = {79--94},
	series = {Studi Maghrebini (Nuova Serie)},,
	title = {Marking nucleus and attribute in North-Eastern Neo-Aramaic},
	year = {2010}
}

@incollection{UltanPossession,
	address = {Standford, CA},
	author = {Russel Ultan},
	booktitle = {Toward a Typology of Substantival Possession},
	editor = {Joseph H. Greenberg},
	maintitle = {Universals of Human Language},
	pages = {11--50},
	publisher = {Standford University Press},
	title = {Toward a Typology of Substantival Possession},
	volume = 4, booktitle = {Syntax},
	year = 1978 } -- More (100%) -- @string{AUDIO = {\textsc{Audio: }}
}

@incollection{Tamm2003Possessive,
	author = {Maria Koptjevskaja-Tamm},
	crossref = {Eurotyp20-7},
	pages = {621--722},,
	title = {Possessive noun phrases in the languages of {Europe}},
	year = {\biberror{no year}}
}

@incollection{SpencerLuisCanonical,
	author = {Andrew Spencer and Ana Luís},
	crossref = {Canonical},
	pages = {123--150},,
	title = {The canonical clitic},
	year = {\biberror{no year}}
}

@incollection{SamvelianHead,
	author = {Pollet Samvelian},
	crossref = {AspectsIranian},
	pages = {339--361},,
	title = {The Ezafe as a head-marking inflectional affix: {E}vidence from Persian and Kurmanji Kurdish},
	year = {\biberror{no year}}
}

@incollection{SamvelianClitics,
	address = {Stanford, CA},
	author = {Pollet Samvelian},
	booksubtitle = {The Morphosyntax of Underrepresented Languages},
	booktitle = {Texas Linguistic Society IX},
	editor = {Frederick Hoyt and Nikki Seifert and Alexandra Teodorescu and Jessica White},
	pages = {263--283},
	publisher = {CSLI Publications},
	title = {What Sorani Kurdish Absolute Prepositions Tell Us About Cliticization},
	url = {http://web.stanford.edu/group/cslipublications/cslipublications/TLS/TLS9-2005/TLS9_Samvelian_Pollet.pdf},,
	year = {2007}
}

@incollection{SabarAgonies,
	author = {Yona Sabar},
	crossref = {GoldenbergFestschrift},
	pages = {107--145},,
	title = {Agonies of Childbearing and Child Rearing in {Iraqi Kurdistan}: {A} Narrative in {Jewish Neo-Aramaic} and its {English} Translation},
	year = {\biberror{no year}}
}

@incollection{PanoussiSenaya,
	author = {Estiphan Panoussi},
	crossref = {HeinrichsNA},
	pages = {107--129},,
	title = {On the {Senaya} dialect},
	year = {\biberror{no year}}
}

@incollection{NikolaevaSpencer,
	author = {Irina Nikolaeva and Andrew Spencer},
	crossref = {Canonical},
	pages = {207--238},,
	title = {Possession and modification -- a perspective from Canonical Typology},
	year = {\biberror{no year}}
}

@incollection{HolmbergOdden,
	author = {Anders Holmberg and David Odden},
	crossref = {AspectsIranian},
	pages = {129--151},,
	title = {The Noun Phrase in Hawrami},
	year = {\biberror{no year}}
}

@incollection{HaspelmathClitics,
	address = {Berlin},
	author = {Haspelmath, Martin},
	booktitle = {Defining vs. {D}iagnosing linguistic categories: {A} case study of clitic phenomena},
	editor = {Błaszczak, Joanna and Klimek-Jankowska, Dorota and Migdalski, Krzysztof},
	number = {122},
	pages = {\biberror{no pages}},
	publisher = {De Gruyter Mouton},
	series = {Studies in Generative Grammar},
	title = {Defining vs. {D}iagnosing linguistic categories: {A} case study of clitic phenomena},
	year = {2015},
}

@incollection{HaiderZwanziger,
	author = {Hubert Haider and Ronald Zwanziger},
	crossref = {Fisiak},
	pages = {137--172},,
	title = {Relatively Attributive: {T}he \enquote{ezāfe}-construction from {Old Iranian to Modern Persian}},
	year = {\biberror{no year}}
}

@incollection{GoldenbergZaken,
	author = {Gideon Goldenberg and Mordekhay Zaken},
	crossref = {HeinrichsNA},
	pages = {151--157},
	title = {The Book of Ruth in Neo-Aramaic},
	year = {\biberror{no year}}
}

@incollection{ComrieThompson,
	author = {Bernard Comrie and Sandra A. Thompson},
	crossref = {ShopenTypology:3},
	pages = {334--381},
	title = {Lexical nominalization},
	year = {\biberror{no year}}
}

@incollection{BögelButtSulger,
	author = {Tina Bögel and Miriam Butt and Sebastian Sulger},
	crossref = {LFG08},
	pages = {129--149},
	title = {{Urdu Ezafe} and the Morphology--Syntax Interface},
	url = {http://web.stanford.edu/group/cslipublications/cslipublications/LFG/13/papers/lfg08boegeletal.pdf},,
	year = {\biberror{no year}}
}

@incollection{BögelButt,
	address = {Amsterdam},
	author = {Tina Bögel and Miriam Butt},
	booktitle = {Morphosyntactic Categories and the Expression of Possession},
	editor = {Kersti Börjars and David Denison and Alan Scott},
	number = {199},
	pages = {291--322},,
	publisher = {John Benjamins},
	series = {Linguistics Today},
	title = {Possessive Clitics and {Ezafe in Urdu}},
	year = {2013}
}

@incollection{BroadwellSuspended,
	author = {George Aaron Broadwell},
	crossref = {LFG08},
	pages = {198--213},,
	title = {Turkish Suspended Affixation Is Lexical Sharing},
	url = {https://web.stanford.edu/group/cslipublications/cslipublications/LFG/13/papers/lfg08broadwell.pdf},
	year = {\biberror{no year}}
}

@incollection{AlichoranSibille,
	address = {\biberror{no address}},
	author = {Joseph Alichoran and Jean Sibille},
	booktitle = {Histoire sociale des langues de {France}},
	editor = {{Georg Kremnitz, \textit{avec le concours de Fañch Broudic et du collectif HSLF}}},,
	pages = {869--875},
	publisher = {Presses universitaires de Rennes},
	title = {L'araméen},
	year = {2013}
}

@inbook{PlankIntro,
	author = {Frans Plank},
	crossref = {DoubleCase},
	pages = {3--110},,
	title = {(Re-)Introducing {Suffixaufnahme}}
}

@book{WernerWNA,
	Number = {4/V},
	addendum = AUDIO#{\url{http://www.semarch.uni-hd.de/dokumentgruppen.php43?ST_ID=5&DT_ID=8}},
	address = {Wiesbaden},
	author = {Werner Arnold},
	publisher = {Otto Harrassowitz},
	title = {Das Neuwestaramäische},
	volume = {V.\ \textit{Grammatik}},
	year = 1990, Series = {Semitica Viva}
}

@book{ThackstonSorani,
	OPTshorthand = {Thackston, Sorani},
	address = {\biberror{no address}},
	author = {W. M. Thackston},
	publisher = {\biberror{no publisher}},
	subtitle = {A Reference Grammar with Selected Readings},
	title = {\textarabic{زمانی كوردی سۆرانی} Sorani Kurdish},
	url = {www.fas.harvard.edu/~iranian/Sorani},
	year = {2006}
}

@book{ThackstonKurmanji,
	OPTshorthand = {Thackston, Kurmanji},
	address = {\biberror{no address}},
	author = {W. M. Thackston},
	publisher = {\biberror{no publisher}},
	subtitle = {A Reference Grammar with Selected Readings},
	title = {Kurmanji Kurdish},
	url = {www.fas.harvard.edu/~iranian/Kurmanji},
	year = {2006}
}

@book{TalayKhabur,
	address = {Wiesbaden},
	author = {Shabo Talay},
	number = {40},,
	publisher = {Harrassowitz Verlag},
	subtitle = {Einführung, Phonologie und Morphologie},
	title = {Die neuaramäischen Dialekte der Khabur-Assyrer in Nordostsyrien},
	year = 2008, series = {Semitica Viva}
}

@book{Socin,
	address = {Tübingen},
	author = {Socin, Albert},
	publisher = {Laupp},
	subtitle = {Texte u. Uebers.},
	title = {Die neu-aramäischen Dialekte von Urmia bis Mosul},
	year = {1882},
}

@book{SinhaBespen,
	addendum = AUDIO#{\url{www.semarch.uni-hd.de/tondokumente.php43?ORT_ID=15}},
	address = {Wiesbaden},
	author = {Jasmin Sinha},
	publisher = {Herassowitz Verlag},
	subtitle = {(Provinz Mardin, Südosttürkei) Eine grammatische Darstellung},
	title = {Der neuostaramäische Dialekt von Bēṣpən},
	year = {2000}
}

@book{SamvelianComplex,
	address = {Paris},
	author = {Pollet Samvelian},
	publisher = {Lavoisier},
	subtitle = {les constructions nom-verbe},
	title = {Grammaire des prédicats complexes},
	year = 2012,
}

@book{SabarNerwa,
	address = {Wiesbaden},,
	author = {Yona Sabar},
	publisher = {Otto Harrassowitz},
	title = {Pəšaṭ Wayəhî Bəšallaḥ: {A} Neo-Aramaic Midrash on Beshallaḥ (Exodus)  Introduction, Phonetic Transcription, Translation, Notes and Glossary},
	year = {1976}
}

@book{SabarMidrashim,
	address = {Jerusalem},
	author = {Yona Sabar},
	publisher = {The Israel Academy of Sciences and Humanities},
	title = {\texthebrew{מדרשים בארמית יהודי כורדיסטאן לפרשיות ויחי, בשלח ויתרו} (Homilies in the Neo-Aramaic of the Kurdistani Jews on the Parashot Wayḥi, Beshallaḥ and Yitro)},
	year = {1984},
}

@book{ReesTargum,
	address = {Piscataway, NJ},
	author = {Margo Rees},
	number = 3, publisher  = {Gorgias Press},
	publisher = {\biberror{no publisher}},
	series = {Gorgias Neo-Aramaic Studies},
	subtitle = {Translation Language in a Neo-Aramaic Targum Tradition},
	title = {Lishan Didan, Targum Didan},
	year = 2008,
}

@book{PoizatManuel,
	address = {Paris},
	author = {Bruno Poizat},
	publisher = {Geuthner},
	title = {Manuel de Soureth: {I}nitiation à l'Araméen d'Aujourd'hui, Parlé et Écrit},
	titleaddon = {\textit{Avec la collaboration de {Yawsep Alichoran} et {Yohanan Binouissa}}},
	year = {2008}
}

@book{MutzafiKoySanjaq,
	address = {Wiesbaden},
	author = {Mutzafi, Hezy},
	number = 32, addendum = AUDIO#{\url{www.semarch.uni-hd.de/tondokumente.php43?ORT_ID=71}.},,
	publisher = {\biberror{no publisher}},
	series = {Semitica Viva},
	title = {The Jewish Neo-Aramaic Dialect of Koy Sanjaq (Iraqi Kurdistan)},
	year = 2004, publisher = {Harrassowitz Verlag}
}

@book{MutzafiBetanure,
	address = {Wiesbaden},
	author = {Mutzafi, Hezy},
	number = 43, addendum = AUDIO#{\url{www.semarch.uni-hd.de/tondokumente.php43?ORT_ID=159}.},,
	publisher = {\biberror{no publisher}},
	series = {Semitica Viva},
	title = {The Jewish Neo-Aramaic Dialect of Betanure (Province of Dihok)},
	year = 2008, publisher = {Harrassowitz Verlag}
}

@book{MurreUrmi,
	OPTschool = {Leiden University},
	OPTyear = {1995},,
	addendum = {Extended version of Ph.D. thesis from 1995.},
	address = {Leiden},
	author = {Murre-van den Berg, Helene L.},
	number = {No.\ XXVIII},
	publisher = {Nederlands Instituut voor het Nabije Oosten},
	series = {Publication of the \enquote{De Goeje Fund}},
	subtitle = {The Introduction and Development of Literary Urmia Aramaic in the Nineteenth Century},
	title = {From a Spoken to a Written Language},
	year = {1999}
}

@book{Marogulov,
	addendum = {Original title: \textit{\cyrillicfont Grammatiqij qə mədrəsi d gurь}, Moscow, 1935},,
	address = {Paris},
	author = {Marogulov, Konstantin I.},
	number = {5},
	origaddress = {Moscow},
	origdate = {1935},
	origlanguage = {NENA},
	origtitle = {Grammatiqij qə mədrəsi d gurь},
	publisher = {Geuthner},
	series = {{{Comptes rendus de g.l.e.c.s, Supplément}}},
	title = {Grammaire Néo-Syriaque pour écoles d'adultes (dialecte d'Urmia)},
	year = 1976, translator = {Olga Kapeliuk}
}

@book{MacleanGrammar,
	address = {\biberror{no address}},
	author = {Maclean, Arthur John},
	publisher = {Cambridge University Press},
	subtitle = {As spoken by the Eastern Syrians of Kurdistan, North-West Persia, and The Plain of Mosul, with notices of the vernacular of the Jews of Azerbaijan and of Zakhu near Mosul},
	title = {Grammar of the Dialects of Vernacular Syriac},
	year = {1895},
}

@book{MacKenzieTexts,
	address = {London},,
	author = {David Neil MacKenzie},
	maintitle = {Kurdish Dialect Studies},
	number = {10},
	publisher = {Oxford University Press},
	series = {London Oriental Series},
	title = {\biberror{no title}},
	volume = {II},
	year = {1962}
}

@book{MacKenzieHawrami,
	address = {København},
	author = {David Neil MacKenzie},
	number = {3},
	publisher = {Det Kongelige Danske Videnskabernes Selskab (The Royal Danish Academy of Sciences and Letters)},,
	subtitle = {Grammatical sketch, texts, and vocabulary},
	title = {The Dialect of Awroman (Hawrāmān-ī Luhōn},
	volume = {4},
	year = 1966, series = {Historisk-filosofiske Skrifter}
}

@book{LyonsDefinitness,
	address = {Cambridge},
	author = {Christopher Lyons},
	publisher = {Cambridge University Press},
	series = {Cambridge Textbooks in Linguistics},,
	title = {Definiteness},
	year = {1999}
}

@book{KhanUrmi,
	address = {Piscataway, NJ},,
	author = {Geoffrey Khan},
	number = {2},
	publisher = {Gorgias Press},
	series = {Gorgias Neo-Aramaic Studies},
	title = {The Jewish Neo-Aramaic Dialect of Urmi},
	year = {2008}
}

@book{KhanSanandaj,
	address = {Piscataway, NJ},,
	author = {Geoffrey Khan},
	number = {10},
	publisher = {Gorgias Press},
	series = {Gorgias Neo-Aramaic Studies},
	title = {The Jewish Neo-Aramaic Dialect of Sanandaj},
	year = {2009}
}

@book{JespersenPhilosophy,
	address = {Chicago},,
	author = {Otto Jespersen},
	publisher = {The University of Chicago Press},
	subtitle = {With a new Introduction and Index by James D. McCawley},
	title = {The Philosophy of Grammar},
	year = {1924 [1992]}
}

@book{GoldbergConstructions,
	address = {Chicago},,
	author = {Adele E. Goldberg},
	publisher = {The University of Chicago Press},
	series = {Cognitive Theory of Language and Culture},
	subtitle = {A Construction Grammar Approach to Argument Structure},
	title = {Constructions},
	year = {1995}
}

@book{GarbellUrmi,
	address = {The Hague},,
	author = {Garbell, Irene},
	number = {3},
	publisher = {Mouton \& Co.},
	series = {Janua linguarum, Series practica},
	subtitle = {linguistic analysis and folkloristic texts},
	title = {The Jewish Neo-Aramaic Dialect of Persian Azerbaijan},
	year = {1965}
}

@book{FoxBohtan,
	address = {Piscataway, NJ},,
	author = {Fox, Samuel E.},
	number = {9},
	publisher = {Gorgias Press},
	series = {Gorgias Neo-Aramaic Studies},
	title = {The {Neo-Aramaic} Dialect of {Bohtan}},
	year = {2009}
}

@book{Ethnologue17ed,
	address = {Dallas, TX},
	booktitle = {Ethnologue: {L}anguages of the World},
	edition = {Seventeenth  edition},
	editor = {Lewis, M. Paul and Gary F. Simons and Charles D. Fennig},
	publisher = {SIL International},
	title = {Ethnologue: {L}anguages of the World},
	url = {www.ethnologue.com},,
	year = {2013}
}

@book{DixonBasicII,
	address = {\biberror{no address}},
	author = {R. M. W. Dixon},
	maintitle = {Basic Linguistic Theory},
	publisher = {Oxford University Press},
	title = {\biberror{no title}},
	volume = 2, title = {Grammatical Topics},
	year = {2010},
}

@book{CroftRadical,
	address = {\biberror{no address}},
	author = {William Croft},
	publisher = {Oxford University Press},,
	subtitle = {Syntactic Theory in Typological Perspective},
	title = {Radical Construction Grammar},
	year = 2011, address = {Oxford}
}

@book{CohenZakho,
	address = {Piscataway, NJ},,
	author = {Eran Cohen},
	number = {13},
	publisher = {Gorgias Press},
	series = {Gorgias Neo-Aramaic Studies},
	title = {The Syntax of Neo-Aramaic: {T}he Jewish Dialect of Zakho},
	year = {2012}
}

@book{CoghillRise,
	address = {Oxford},
	author = {Eleanor Coghill},
	publisher = {Oxford University Press},
	subtitle = {Cycles of Alignment Change},
	title = {The Rise and Fall or Ergativity in Neo-Aramaic},
	year = {2016},
}

@book{BlauSorani,
	address = {Paris},
	author = {Joyce Blau},
	number = {2},
	publisher = {Librairie C. Klincksieck},
	related = {BlauSorani2000},
	relatedstring = {Re-edited as},
	series = {{Institut d'Études Iraniennes de l'Univer-sité de la Sorbonne Nouvelle, Documents et Ouvrages de Reference}},
	subtitle = {Dialecte Sorani},
	title = {Manuel de Kurde},
	year = {1980}
}

@book{BlauAmadiya,
	address = {Paris},
	author = {Joyce Blau},
	number = {8},
	publisher = {Librairie C. Klincksieck},
	series = {Travaux de l'Institut d'Études Iraniennes de l'Université de la Sorbonne Nouvelle},
	subtitle = {Analyse linguistique, textes folkloriques, glossaires},
	title = {Le Kurde de ʿAmādiya et de Djabal Sindjār},
	year = {1975}
}

@book{BenRahamim,
	address = {Jerusalem},
	author = {Yosef Ben-Rahamim},
	publisher = {Ben-Zvi Institute},
	subtitle = {\texthebrew{טקסטים בארמית מזרחית חדשה - להגי אורמיא ונע'דא} (Texts in the Jewish Neo-Aramaic Dialect of Azerbaijan [Urmia and Naġda])},
	title = {\texthebrew{שפה אחת ודברים אחדים} (One Language and One Speech)},
	year = 2006,
}

@book{BedirKhanLescot,
	address = {Paris},,
	author = {Bedir Khan, Djeladet and Roger Lescot},
	publisher = {Librairie d'Amérique et d'Orient},
	title = {Grammaire Kurde (Dialect kurmandji)},
	year = {1970}
}

@book{BedirKhan,
	address = {Paris},
	author = {Bedir Khan, Kamuran Aali},
	edition = {2},,
	publisher = {\biberror{no publisher}},
	subtitle = {Eléments de Grammaire extraits des cours donnés à l'Ecole Nationale des Langues Orientales Vivantes},
	title = {Lanuge Kurde},
	year = {1960}
}

@book{BarkerPossessive,
	address = {Stanford, CA},
	author = {Barker, Chris},
	publisher = {CSLI Publications},
	title = {Possessive Descriptions},
	year = {1995}
}

@book{BalayEsmaili,
	address = {Paris},
	author = {Christophe Balaÿ and Hossein Esmaïli},
	edition = 3, series = {Langues Inalco},
	publisher = {Langues \& Mondes - L'Asiathèque},
	subtitle = {Le persan au quotidien},
	title = {Manuel de Persan},
	vol = {1},
	year = 2013,
}

@book{Avineri,
	address = {Jerusalem},
	author = {Avinery, Iddo},
	note = {In Hebrew},,
	publisher = {The Israel Academy of the Sciences and Humanities},
	title = {\texthebrew{הניב הארמי של יהודי זאכו} (The Aramaic Dialect of the Jews of Zākhō)},
	year = {1988}
}

@book{AbdullaMcCarus,
	address = {Ann Arbor},,
	author = {Jamal Jalal Abdulla and Ernest N. McCarus},
	publisher = {The University of Michigan Press},
	subtitle = {Dialect of Sulaimania, Iraq},
	title = {Kurdish Basic Course},
	year = {1967}
}

@article{SamvelianEzafe,
	author = {Pollet Samvelian},
	journal = {Journal of Linguistics},
	number = {43},
	pages = {605--645},,
	title = {A (phrasal) affix analysis of the {Persian Ezafe}},
	volume = {\biberror{no volume}},
	year = {2007}
}

@article{SamvelianEnclitique,
	author = {Pollet Samvelian},
	journal = {Studia Iranica},
	pages = {7--34},,
	title = {L'enclitique -i introducteur de relative en persan : {D}éterminant, allomorphe de l'ezāfe, ou autre chose encore?},
	volume = {35},
	year = {2006}
}

@article{NicholsHead,
	OPTmonth = {3},
	OPTurl = {www.jstor.org/stable/415601},,
	author = {Johanna Nichols},
	journal = {Language},
	number = {1},
	pages = {56--119},
	title = {Head-Marking and Dependent-Marking Grammar},
	volume = {62},
	year = {1986}
}

@article{MutzafiTransZab,
	author = {Mutzafi, Hezy},
	journal = {Bulletin of SOAS},
	number = {3},
	pages = {409--431},
	publisher = {Cambridge University Press},
	title = {Trans-Zab Jewish Neo-Aramaic},
	volume = {71},
	year = {2008}
}

@article{HaspelmathWord,
	author = {Haspelmath, Martin},
	journal = {Folia Linguistica},
	number = {54},
	pages = {31--80},
	title = {The indeterminacy of word segmentation and the nature of morphology and syntax},
	volume = {\biberror{no volume}},
	year = 2011,
}

@article{HaspelmathComparative,
	author = {Haspelmath, Martin},
	journal = {Lanuage},
	number = {3},
	pages = {663--687},,
	title = {Comparative concepts and descriptive categories in crosslinguistic studies},
	volume = {86},
	year = {2010}
}

@article{GutmanReexamination,
	author = {Gutman, Ariel},
	journal = {Aramaic Studies},
	pages = {\biberror{no pages}},
	title = {Reexamination of the Bare Preterite Base in the Jewish Neo-Aramaic Dialect of Zakho},
	volume = 6, number = 1, year = 2008, pages = {59--84},,
	year = {\biberror{no year}}
}

@article{Fairbanks,
	address = {Honolulu},
	author = {Gordon H. Fairbanks},
	institution = {University of Hawaii},,
	journal = {Working Papers in Linguistics \emph{(University of Hawaii)}},
	number = {2},
	pages = {35--43},
	title = {The Genitive Case, its Nature, Origins and Replacements},
	volume = {11},
	year = {1979}
}

@article{Acuna-Farina1999,
	author = {Acuña-Fariña, Juan Carlos},
	journal = {English Language and Linguistics},
	pages = {59--81},,
	title = {On apposition},
	volume = {3},
	year = {1999}
}