@Book{MacKenzie,
author = {David Neil MacKenzie},
maintitle = {Kurdish Dialect Studies},
volume = {I},
publisher = {Oxford University Press},
year = {1961},
series = {London Oriental Series},
number = {9},
address = {London},
addendum = {Reprinted by the School of Oriental and African Studies 1981},
}

@Book{MacKenzieHawrami,
author = {David Neil MacKenzie},
title = {The Dialect of Awroman (Hawrāmān-ī Luhōn},
subtitle = {Grammatical sketch, texts, and vocabulary},
address = {København},
year = 1966,
series = {Historisk-filosofiske Skrifter},
volume = {4},
number = {3},
publisher = {Det Kongelige Danske Videnskabernes Selskab (The Royal Danish Academy of Sciences and Letters)},
}

@Book{MacKenzieTexts,
author = {David Neil MacKenzie},
maintitle = {Kurdish Dialect Studies},
volume = {II},
publisher = {Oxford University Press},
year = {1962},
series = {London Oriental Series},
number = {10},
address = {London},
}

@Book{ThackstonSorani,
author = {W. M. Thackston},
title = {\textarabic{زمانی كوردی سۆرانی} Sorani Kurdish},
subtitle = {A Reference Grammar with Selected Readings},
OPTshorthand = {Thackston, Sorani},
year = {2006},
url = {www.fas.harvard.edu/~iranian/Sorani}
}

@Book{ThackstonKurmanji,
author = {W. M. Thackston},
title = {Kurmanji Kurdish},
subtitle = {A Reference Grammar with Selected Readings},
OPTshorthand = {Thackston, Kurmanji},
year = {2006},
url={www.fas.harvard.edu/~iranian/Kurmanji}
}

@Book{BlauSorani,
author = {Joyce Blau},
title = {Manuel de Kurde},
subtitle = {Dialecte Sorani},
publisher = {Librairie C. Klincksieck},
year = {1980},
address = {Paris},
series = {\textfrench{Institut d'Études Iraniennes de l'Univer-sité de la Sorbonne Nouvelle, Documents et Ouvrages de Reference}},
number = {2}, 
relatedstring = {Re-edited as},
related = {BlauSorani2000}
}

@Book{BlauSorani2000,
author = {Joyce Blau},
title = {Methode de Kurde},
subtitle = {Sorani \textarabic{سۆرانی}},
publisher = {L'Haramattan},
year = {2000},
address = {Paris},
relatedstring = {Re-edition of},
related = {BlauSorani}
}

@Book{BlauAmadiya,
author = {Joyce Blau},
title = {Le Kurde de ʿAmādiya et de Djabal Sindjār},
subtitle = {Analyse linguistique, textes folkloriques, glossaires},
publisher = {Librairie C. Klincksieck},
year = {1975},
address = {Paris},
series = {Travaux de l'Institut d'Études Iraniennes de l'Université de la Sorbonne Nouvelle},
number = {8}
}

@Book{AbdullaMcCarus,
author = {Jamal Jalal Abdulla and Ernest N. McCarus},
title = {Kurdish Basic Course},
subtitle = {Dialect of Sulaimania, Iraq},
publisher = {The University of Michigan Press},
year = {1967},
address = {Ann Arbor},
}

@Book{BedirKhanLescot,
author = {Bedir Khan, Djeladet and Roger Lescot},
title = {Grammaire Kurde (Dialect kurmandji)},
publisher = {Librairie d'Amérique et d'Orient},
year = {1970},
address = {Paris},
}

@Book{BedirKhan,
author = {Bedir Khan, Kamuran Aali},
title = {Lanuge Kurde},
subtitle = {Eléments de Grammaire extraits des cours donnés à l'Ecole Nationale des Langues Orientales Vivantes},
year = {1960},
address = {Paris},
edition = {2},
}

@Collection{AspectsIranian,
title = {Aspects of Iranian Linguistics},
editor = {Simin Karimi and Vida Samiian and Donald Stilo},
publisher = {Cambridge Scholars Publishing},
address = {Newcastle},
year = {2008},
}

@article{EdmondsPreposition,
author = {C. J. Edmonds},
title = {Prepositions And Personal Affixes In Southern Kurdish},
journal = {Bulletin of the School of Oriental and African Studies},
volume = 17,
issue = 3,
year = 1955,
pages = {490--502},
eprinttype = {jstor},
  eprint = {609592},
}

@book{Hartmann,
editor = {Martin Hartmann},
title = {       Der kurdische Diwan des Schēch Aḥmed von Ǧezīret Ibn ʿOmar genannt Mälaʾi Ǧizri},
subtitle = {Fotolithografie einer Handschrift},
publisher = {S. Calvary and Co},
address = {Berlin},
year = 1904,
}

@InCollection{HolmbergOdden,
author = {Anders Holmberg and David Odden},
title = {The Noun Phrase in Hawrami},
crossref={AspectsIranian},
pages = {129--151},
}

@InCollection{SamvelianClitics,
author = {Pollet Samvelian},
title = {What Sorani Kurdish Absolute Prepositions Tell Us About Cliticization},
booktitle = {Texas Linguistic Society IX},
booksubtitle = {The Morphosyntax of Underrepresented Languages},
editor = {Frederick Hoyt and Nikki Seifert and Alexandra Teodorescu and Jessica White},
year = {2007},
publisher = {CSLI Publications},
address = {Stanford, CA},
pages = {263--283},
url = {http://web.stanford.edu/group/cslipublications/cslipublications/TLS/TLS9-2005/TLS9_Samvelian_Pollet.pdf},
}

@InCollection{SamvelianHead,
author = {Pollet Samvelian},
title = {The Ezafe as a head-marking inflectional affix: Evidence from Persian and Kurmanji Kurdish},
crossref={AspectsIranian},
pages = {339--361},
}


@Book{Todd,
author = {Terry Lynn Todd},
title = {A Grammar of Dimili},
subtitle = {Also Known as Zaza},
publisher = {Iremet Förlag},
year = {2002},
address = {Stockholm},
addendum = {Re-edited 2008 as an electronic edition, available at \url{www.zazaki.de/english/T.L.Todd-AGrammarofDimli.pdf}}
}

@Unpublished{LarsonYamakido,
author = {Richard K. Larson and Hiroko Yamakido},
title = {Zazaki \enquote{Double Ezafe} as Double Case-marking},
note = {Paper presented at the Linguistic Society of America annual meetings,
Albuquerque, January, 2006.},
year = {2006},
}


@incollection{HaigLinker,
author = {Geoffrey Haig},
editor = {Foong Ha Yap and Karen Grunow-Hårsta and Janick Wrona},
title = {Linker, relativizer, nominalizer, tense-particle:
On the Ezafe in West Iranian},
booktitle = {Nominalization in Asian Languages: Diachronic and Typological perspectives},
date = {2011},
publisher = {Benjamins},
address = {Amsterdam},
pages = {363--390},
}

@book{HaigAlignment,
 title={Alignment change in Iranian languages},
 subtitle = {a construction grammar approach},
  author={Haig, Geoffrey},
  series  = {Empirical approaches to language typology},
  number={37},
  year={2008},
  publisher={Mouton de Gruyter},
  address = {Berlin}
}

@book{HakemSorani,
author = {Halkawt Hakem},
title = {Dictionnaire kurde-français (sorani)},
publisher = {L'Asiathèque -- maison des langues du monde},
address = {Paris},
year = {2012},
series = {Dictionnaires INALCO},
}

@book{IzadyKurds,
author = {Mehrdad R. Izady},
title = {The Kurds},
subtitle = {A Concise Handbook},
publisher = {Taylor \& Francis},
address = {Washington, D.C.},
year = {1992},
}


@article{KurdoevSlova,
author = {Kurdoev, Kanat Kalashevich},
title = {Numerativnye slova v kurdskom jazyke (Number terms in Kurdish)},
journal = {Kratkie Soobščenija Inst. Vostok.},
number = {XXII},
address = {Moscow},
year = {1956},
pages = {28--36}
}

@book{MahmoudveysiGawraju,
title = {The Gorani language of Gawraǰū, a village of West Iran},
subtitle = {Texts, grammar, and lexicon},
author = {Parwin Mahmudweyssi and Denise Bailey and Ludwig Paul and Geoffrey Haig},
publisher = {Dr. Ludwig Reichert Velag},
address = {Wiesbaden},
series = {Beiträge zur Iranistik},
number = 35,
year = 2012,
}

@inCollection{SchroederAttribution,
author = {Christoph Schroeder},
editor = {Karl Heinz Wagner and Wolfgang Wildgen},
title = {Attribution im Kurmancî (Nordkurdisch)},
booktitle = {Studien zur Phonologie, Grammatik, Sprachphilosophie und
Semiotik},
date = {1999},
series = {Bremer Linguistisches Kolloquium},
number = {6},
publisher = {Institut für Allgemeine und Angewandte Sprachwissenschaft},
address = {Bremen},
pages = {43--63},
}
-- More (100%) -- @Collection{MatrasSakelGrammatical,
title = {Grammatical Borrowing in Cross-Linguistic Perspective},
editor = {Yaron Matras and Jeanette Sakel},
publisher = {Mouton de Gruyter},
address = {Berlin},
year = {2007},
series = {Empirical approaches to language typology},
number = 38,
}




@Book{BalayEsmaili,
author = {Christophe Balaÿ and Hossein Esmaïli},
title = {Manuel de Persan},
vol = {1},
subtitle = {Le persan au quotidien},
edition = 3,
series = {Langues Inalco},
publisher = {Langues \& Mondes - L'Asiathèque},
address = {Paris},
year = 2013,
}


@Book{BarkerPossessive,
author = {Barker, Chris},
title = {Possessive Descriptions},
publisher = {CSLI Publications},
year = {1995},
address = {Stanford, CA}
}



@article{baerman2007morphological,
  title={Morphological reversals},
  author={Baerman, M.},
  journal={Journal of linguistics},
  volume={43},
  number={01},
  pages={33--61},
  year={2007},
  publisher={Cambridge University Press}
}

@book{benvenistePLG,
        title={Probl{\`e}mes de linguistique g{\'e}n{\'e}rale},
        author={Benveniste, {\'E}mile.},
        address={Paris},
        year={1966},
        publisher={Gallimard}
}

@book{Bozdemir,
title = {Méthode de Turc},
volume = 1,
author = {Michel Bozdémir},
series = {Langues de L'Asie - INALCO},
publisher = {L'Asiathèque},
address = {Paris},
year = 1991,

}

@collection{LFG08,
title = {Proceedings of {LFG08}},
editor = {Miriam Butt and Tracy Holloway King},
publisher = {CSLI Publications},
address = {Stanford, CA},
year = {2008},
}

@InCollection{BögelButt,
author = {Tina Bögel and Miriam Butt},
title = {Possessive Clitics and {Ezafe in Urdu}},
booktitle = {Morphosyntactic Categories and the Expression of Possession},
publisher = {John Benjamins},
year = {2013},
editor = {Kersti Börjars and David Denison and Alan Scott},
series = {Linguistics Today},
number = {199},
address = {Amsterdam},
pages = {291--322},
}

@InCollection{BögelButtSulger,
author = {Tina Bögel and Miriam Butt and Sebastian Sulger},
title = {{Urdu Ezafe} and the Morphology--Syntax Interface},
crossref = {LFG08},
pages = {129--149},
url = {http://web.stanford.edu/group/cslipublications/cslipublications/LFG/13/papers/lfg08boegeletal.pdf},

}

@InCollection{BroadwellSuspended,
title = {Turkish Suspended Affixation Is Lexical Sharing},
author = {George Aaron Broadwell},
crossref = {LFG08},
url = {https://web.stanford.edu/group/cslipublications/cslipublications/LFG/13/papers/lfg08broadwell.pdf},
pages = {198--213},
}


@article{BresnanMchombo,
  title={Topic, pronoun, and agreement in {Chiche{\^w}a}},
  author={Bresnan, J. and Mchombo, S.A.},
  journal={Language},
  pages={741--782},
  year={1987},
  volume={63},
  number={4},
  publisher={Linguistic Society of America},
  OPTurl={www.jstor.org/stable/415717},
  eprinttype = {jstor},
  eprint = {415717},
}

@Collection{Canonical,
title = {Canonical Morphology \& Syntax},
editor = {Dunstan Brown and Marina Chumakina and Gerville G. Corbett},
publisher = {Oxford University Press},
year = {2013},
address = {Oxford},
}

@inCollection{BrownChumakina,
title = {What there might be and what there is: an introduction to Canonical Typology},
author = {Dunstan Brown and Marina Chumakina},
pages = {1--19},
crossref = {Canonical},
}

@article{cat2005french,
  title={French subject clitics are not agreement markers},
  author={De Cat, Cécile},
  journal={Lingua},
  volume={115},
  number={9},
  pages={1195--1219},
  year={2005},
  publisher={Elsevier}
}




@article{chirikba2008problem,
  title={{The problem of the Caucasian Sprachbund}},
  author={Chirikba, V.A.},
  journal={From linguistic areas to areal linguistics},
  pages={25},
  isbn={9027231001},
  year={2008},
  publisher={John Benjamins Pub Co}
}

@article{christophe2008,
        title = {Bootstrapping lexical and syntactic acquisition},
        volume = {51},
        journal = {Language and speech},
        author = {Christophe, Anne and Millotte, Séverine and Bernal, Savita and Lidz, Jeff},
        year = {2008},
        pages = {61--75}
}

@Article{Corbett2003,
        author = {Greville G. Corbett},
        title = {Agreement: The Range of the Phenomenon and the Principles of the {Surrey} Database of Agreement},
        journal = {Transactions of the Philological Society},
        year = {2003},
        volume = {101},
        number = {2},
        pages = {155--202},
}






@InProceedings{CreisselsConstruct,
author = {Denis Creissels},
title = {Construct forms of nouns in {African} languages},
year = {2009},
editor = {Peter K. Austin and Oliver Bond and Monik Charette and David Nathan and Peter Sells},
booktitle ={ Proceedings of Conference on Language Documentation and Linguistic Theory 2},
pages = {73--82},
publisher = {SOAS},
address = {London},
url = {www.hrelp.org/publications/ldlt2/papers/ldlt2_08.pdf},
}

@unpublished{Cristofaro,
author = {Sonia Cristofaro},
title = {Synchronic vs.\ diachronic explanations of typological universals: redefining the role of frequency},
date = {2015},
howpublished = {Presentation in the Diversity Linguistics conference, MPI Leipzig, 1 May 2015 },
url = {http://www.eva.mpg.de/fileadmin/content_files/linguistics/conferences/2015-diversity-linguistics/Cristoforo_handout.pdf},
}

@Book{CroftRadical,
author = {William Croft},
title = {Radical Construction Grammar},
subtitle = {Syntactic Theory in Typological Perspective},
year = 2011,
address = {Oxford},
publisher = {Oxford University Press},
}

@Book{Crystal2000LanguageDeath,
author = {David Crystal},
title = {Language Death},
publisher = {Cambridge University Press},
year = {2000},
}

@Book{DixonBasicII,
author = {R. M. W. Dixon},
maintitle = {Basic Linguistic Theory},
volume = 2,
title = {Grammatical Topics},
publisher = {Oxford University Press},
year = {2010},
}

@unpublished{DryerAffix,
author = {Matthew S. Dryer},
title = {Affix as a Comparative Concept},
date = {2015},
howpublished = {Presentation in the Diversity Linguistics conference, MPI Leipzig, 1 May 2015 },
url = {www.eva.mpg.de/fileadmin/content_files/linguistics/conferences/2015-diversity-linguistics/Dryer_handout.pdf}
}

@Book{Ethnologue16ed,
editor = {Lewis, M. Paul},
title = {Ethnologue: Languages of the World},
publisher = {SIL International},
year = {2009},
address = {Dallas, Tex.},
edition = {Sixteenth edition},
url = {www.ethnologue.com},
}

@Book{Ethnologue17ed,
editor = {Lewis, M. Paul and Gary F. Simons and Charles D. Fennig},
title = {Ethnologue: Languages of the World},
publisher = {SIL International},
year = {2013},
address = {Dallas, TX},
edition = {Seventeenth  edition},
url = {www.ethnologue.com},
}




@Article{Fairbanks,
author = {Gordon H. Fairbanks},
title = {The Genitive Case, its Nature, Origins and Replacements},
journal = {Working Papers in Linguistics \emph{(University of Hawaii)}},
year = {1979},
volume = {11},
number = {2},
pages = {35--43},
address = {Honolulu},
institution = {University of Hawaii},
}


@Collection{Fisiak,
title = {Historical Syntax},
editor = {Jacek Fisiak},
series = {Trends in Linguistics: Studies and Monographs},
number = 23,
publisher = {Mouton Publishers},
address = {Berlin},
year = 1984,
}

@book{Frei2000phrases,  
  title={Le livre des deux mille phrases},
  author={Frei, H.},
  volume={40},
  year={1953},
  publisher={Librairie Droz}
}

@inCollection{Gandon,
author = {Ophélie Gandon},
title = {Convergence areas in the {Caucasus-Western Iran} area with respect to relativization strategies},
booktitle = {Actes des 18èmes Rencontres Jeunes Chercheurs en Sciences du Langage ({RJC 2015})},
booksubtitle = {Contact de langues :  situations, représentations, réalisations},
year = {2016⁺},
url = {www.academia.edu/13816517/Convergence_areas_in_the_Caucasus-Western_Iran_area_with_respect_to_relativization_strategies_To_appear_}
}

@Book{GokselKerslake,
author = {Aslı Göksel and Celia Kerslake},
title = {Turkish},
subtitle = {A Comprehensive Grammar},
series = {Comprehensive Grammars},
publisher = {Routledge},
address = {London},
year = 2005
}

@Book{GoldbergConstructions,
author = {Adele E. Goldberg},
title = {Constructions},
subtitle = {A Construction Grammar Approach to Argument Structure},
publisher = {The University of Chicago Press},
year = {1995},
series = {Cognitive Theory of Language and Culture},
address = {Chicago},
}

@inCollection{GutmanForgetting,
title = {Forgetting Language: Language change and language death as cases of forgetting},
author = {Ariel Gutman},
booktitle = {Forgetting: An Interdisciplinary Conversation},
editor = {Giovanni Galizia and David Shulman},
series = {Martin Buber Society of Fellows Notebook Series},
publisher = {Magnes Press},
address = {Jerusalem},
year = 2015,
pages = {99--112},
}

@article{GutmanBootstrapping,
title = {Bootstrapping the Syntactic Bootstrapper: Probabilistic Labeling of Prosodic Phrases},
author = {Ariel Gutman and Isabelle Dautriche and Benoît Crabbé and Anne Christophe},
journal = {Language Acquisition},
volume = {22},
number = {3},
year = {2015},
pages = {285--309},
}

@InCollection{HaiderZwanziger,
author = {Hubert Haider and Ronald Zwanziger},
title = {Relatively Attributive: The \enquote{ezāfe}-construction from {Old Iranian to Modern Persian}},
crossref = {Fisiak},
pages={137--172},
}

@article{HaspelmathArticle,
     title = {Explaining Article-Possessor Complementarity: Economic Motivation in Noun Phrase Syntax},
     author = {Haspelmath, Martin},
     journal = {Language},
     volume = {75},
     number = {2},
     pages = {227--243},
     OPTurl = {www.jstor.org/stable/417260},
     eprint = {417260},
     eprinttype = {jstor},
     OPTISSN = {00978507},
         OPTlanguage = {English},
     year = {1999},
     publisher = {Linguistic Society of America},
     copyright = {Copyright © 1999 Linguistic Society of America},
    }

@article{haspelmath2007pre,
  title={Pre-established categories don't exist: Consequences for language description and typology},
  author={Haspelmath, Martin},
  journal={Linguistic Typology},
  volume={11},
  number={1},
  pages={119--132},
  year={2007}
}

@InCollection{HaspelmathFrameworkFree,
  title={Framework-free grammatical theory},
  author={Haspelmath, Martin},
  booktitle={Oxford Handbook of Linguistic Analysis},
  editor={Bernd Heine and Heiko Narrog},
  year={2010},
  publisher = {Oxford University Press},
  address = {Oxford},
  pages = {341--365}
}

@InCollection{HaspelmathClitics,
author = {Haspelmath, Martin},
title = {Defining vs. diagnosing linguistic categories: a case study of clitic phenomena},
editor = {Błaszczak, Joanna and Klimek-Jankowska, Dorota and Migdalski, Krzysztof},
series = {Studies in Generative Grammar},
number = {122},
publisher = {De Gruyter Mouton},
address = {Berlin},
year = {2015},
}

@Article{HaspelmathComparative,
author = {Haspelmath, Martin},
title = {Comparative concepts and descriptive categories in crosslinguistic studies},
journal = {Lanuage},
year = {2010},
volume = {86},
number = {3},
pages = {663--687},
}

@Article{HaspelmathWord,
author = {Haspelmath, Martin},
title = {The indeterminacy of word segmentation and the nature of morphology and syntax},
journal = {Folia Linguistica},
number = {54},
pages = {31--80},
year = 2011,
}

@article{KabakSuspended,
title = {Turkish suspended affixation},
author = {Bariş Kabak},
journal = {Linguistics},
volume = {45},
number = {2},
pages = {311--347},
year = 2007,
}

@inCollection{Kiral,
title = {Izafet constructions in {Turkic} varieties of {Iran}},
author = {Filiz Kıral},
booktitle = {Turkic Languages in Contact},
editor = {Hendrik Boeschoten and Lars Johanson},
publisher = {Harrassowitz Verlag},
address = {Wiesbaden},
year = 2006,
series = {Turcologica},
number = 61,
pages = {158--165},
}

@article{Klavans,
title = {The Independence of Syntax and Phonology in Cliticization},
author = {Judith L. Klavans},
journal = {Language},
volume = 61,
number = 1,
year = {1985},
}

@online{LeipzigGlossingRules,
author = {Bernard Comrie and Martin Haspelmath and Balthasar Bickel},
title = {The {Leipzig} Glossing Rules: Conventions for interlinear morpheme-by-morpheme glosses\nopunct},
titleaddon = {(revised version of February 2008)},
year = 2008,
url = {www.eva.mpg.de/lingua/resources/glossing-rules.php},
}

@Book{LyonsDefinitness,
author = {Christopher Lyons},
title = {Definiteness},
publisher = {Cambridge University Press},
year = {1999},
address = {Cambridge},
series = {Cambridge Textbooks in Linguistics},
}


@article{LahiriPlank,
        title = {Phonological phrasing in {Germanic}: {The} judgement of history, confirmed through experiment},
        volume = {108},
        shorttitle = {Phonological phrasing in Germanic},
        number = {3},
        journal = {Transactions of the Philological Society},
        author = {Lahiri, Aditi and Plank, Frans},
        year = {2010},
        pages = {370--398}
}

@inCollection{LahiriBengali,
        title = {Hierarchical restructuring in the creation of verbal morphology in {Bengali and Germanic}: Evidence from phonology}, 
        author = {Aditi Lahiri},
        booktitle = {Analogy, Levelling \& Markedness},
        booksubtitle = {Principles of change in phonology and morphology},
        editor = {Aditi Lahiri},
        publisher = {Mouton de Gruyter},
        address = {Berlin},
        edition = {Second and revised edition},
        pages = {71--123},
        addendum = {First published in 2000},
        year = {2003},
}

@book{LewisGrammar,
        title = {Turkish grammar},
        author = {Lewis, Geoffrey L.},
        publisher = {Clarendon Press},
        address = {Oxford},
        year = {1967},
}

@book{MurelliRelative,
title = {Relative constructions in {European} non-standard varieties},
author = {Adriano Murelli},
address = {Berlin},
publisher = {De Gruyter Mouton},
year = {2011},
series = {Empirical approaches to language typology},
number = {50},
}


@InCollection{NikolaevaSpencer,
author = {Irina Nikolaeva and Andrew Spencer},
title = {Possession and modification -- a perspective from Canonical Typology},
crossref = {Canonical},
pages = {207--238},
}





@book{nichols1992linguistic,
  title={{Linguistic diversity in space and time}},
  author={Nichols, J.},
  isbn={0226580563},
  year={1992},
  publisher={University of Chicago press}
}

@Article{NicholsHead,
author = {Johanna Nichols},
title = {Head-Marking and Dependent-Marking Grammar},
journal = {Language},
year = {1986},
volume = {62},
number = {1},
pages = {56--119},
OPTmonth = {3},
OPTurl={www.jstor.org/stable/415601},
}

@Book{WLG,
author = {Bernd Heine and Tania Kuteva},
title = {World Lexicon of Grammaticalization},
publisher = {Cambridge University Press},
year = {2002},
}



@Book{WALS,
editor = {Dryer, Matthew S. and Haspelmath, Martin},
title = {The World Atlas of Language Structures Online},
publisher = {Max Planck Institute for Evolutionary Anthropology},
year = {2013},
address = {Leipzig},
url = {http://wals.info},
}


@inBook{NicholsBickelWals,
  author    = {Nichols, Johanna and Bickel, Balthasar},
  title     = {Locus of Marking in Possessive Noun Phrases},
  url       = {http://wals.info/chapter/24},
  crossref  = {WALS},
}

@inBook{BickelNicholsWals58,
  author    = {Balthasar Bickel and Johanna Nichols},
  title     = {Obligatory Possessive Inflection},
  url       = {http://wals.info/chapter/58},
  crossref  = {WALS},
}

@inBook{GilWals60,
  author    = {Gil, David},
  title     = {Genitives, Adjectives and Relative Clauses},
  url       = {http://wals.info/chapter/60},
  crossref  = {WALS},
}

@inBook{DryerWALS86,
  author    = {Matthew S. Dryer},
  title     = {Order of Genitive and Noun},
  url       = {http://wals.info/chapter/86},
  crossref  = {WALS},
}

@inBook{DryerWALS87,
  author    = {Matthew S. Dryer},
  title     = {Order of Adjective and Noun},
  url       = {http://wals.info/chapter/87},
  crossref  = {WALS},
}

@inBook{DryerWALS90,
  author    = {Matthew S. Dryer},
  title     = {Order of Relative Clause and Noun},
  url       = {http://wals.info/chapter/90},
  crossref  = {WALS},
}

@inBook{TammWALS62,
  author    = {Maria Koptjevskaja-Tamm},
  title     = {Action Nominal Constructions},
  url       = {http://wals.info/chapter/62},
  crossref  = {WALS},
}


@incollection{Samiian1994,
        title={The {Ezafe} construction: Some implications for the theory of {X-bar} syntax},
        author = {Samiian, Vida},
        booktitle = {Persian studies in {North America}},
        booksubtitle = {Studies in Honor of {Mohammad Ali Jazayery}},
        editor = {Mehdi Marashi},
        address = {Bethesda, MD},
        publisher = {Iranbooks},
        pages = {17--41},
        year = {1994},
}

@Book{SamvelianComplex,
author = {Pollet Samvelian},
title = {Grammaire des prédicats complexes},
subtitle = {les constructions nom-verbe},
publisher = {Lavoisier},
address = {Paris},
year = 2012,
}

@Article{SamvelianEnclitique,
author = {Pollet Samvelian},
title = {L'enclitique -i introducteur de relative en persan : Déterminant, allomorphe de l'ezāfe, ou autre chose encore?},
journal = {Studia Iranica},
year = {2006},
volume = {35},
pages = {7--34},
}


@Article{SamvelianEzafe,
author = {Pollet Samvelian},
title = {A (phrasal) affix analysis of the {Persian Ezafe}},
journal = {Journal of Linguistics},
year = {2007},
number = {43},
pages = {605--645},
}



@InCollection{SpencerLuisCanonical,
author = {Andrew Spencer and Ana Luís},
title = {The canonical clitic},
crossref = {Canonical},
pages = {123--150},
}

@Article{Lehmann1973,
author = {W. P. Lehmann},
title = {A Structural Principle of Language and Its Implications},
journal = {Language},
year = {1973},
volume = {49},
number = {1},
pages = {47--66},
url = {www.jstor.org/stable/412102},
}


@Book{Labov2012Principles,
author = {William Labov},
maintitle = {Principles of Linguistic Change},
title={Cognitive and Cultural Factors},
publisher = {Wiley-Blackwell},
year = {2012},
volume = {3},
number = {39},
series = {Language in Society},
}

@book{klein1971comprehensive,
  title={A comprehensive etymological dictionary of the {English} language},
  titleaddon={Dealing with the origin of words and their sense development thus illustrating the history of civilization and culture},
  author={Klein, Ernst},
  year={1971},
  publisher={Elsevier Pub. Co.}
}

@book{steiner1998language,
  title={Language and Silence},
  subtitle={Essays on Language, Literature, and the Inhuman},
  author={Steiner, George},
  year={1998},
  publisher={Yale University Press}
}

@book{campbell2004historical,
  title={Historical Linguistics},
  subtitle={An Introduction},
  author={Campbell, Lyle},
  edition={2},
  year={2004},
  publisher={Edinburgh University Press}
}

@InCollection{Grenoble2011,
crossref={HEL},
author = {Lenore A. Grenoble},
title = {Language ecology and endangerment},
chapter = {2},
pages={27-44},
year=2011
}

@InCollection{GrinevaldBert,
crossref={HEL},
author = {Collete Grinevald and Michel Bert},
title = {Speakers and communities},
chapter = 3,
pages = {45-67},
year=2011
}

@InCollection{Conathan2011,
crossref={HEL},
title={Archiving and language documentation},
author={Lisa Conathan},
chapter={12},
pages={235-254},
year=2011
}

@InCollection{Nathan2011,
crossref={HEL},
title={Digital Archiving},
author={David Nathan},
chapter=13,
pages={255-274},
year=2011
}

@InCollection{Wurm2003,
crossref={janse2003language},
title={The language situation and language endangerment in the {Greater Pacific} area},
author={Stephen A. Wurm},
pages={49-80},
year=2003
}

@Article{Daniszewski1997,
author = {John Daniszewski},
title = {Syrian Tries to Resurrect Language Spoken by {Jesus}},
journal = {Los Angeles Times},
year = {1997},
month = 3,
day = 29,
url = {articles.latimes.com/1997-03-29/news/mn-43272_1_arabic-language}
}

@Article{DailyStar2013,
author = {{The Daily Star}},
title = {Regime claims ambush of dozens of rebels near {Maaloula}},
journal = {The Daily Star},
year = {2013},
month = 12,
day = 28,
pages = {10},
url={www.dailystar.com.lb/News/Middle-East/2013/Dec-28/242512-regime-claims-ambush-of-dozens-of-rebels-near-maaloula.ashx#ixzz2pj0wIpQT}
}



@collection{janse2003language,
  title={Language Death and Language Maintenance: Theoretical, Practical and Descriptive Approaches},
  editor={Janse, Mark and Tol, Sijmen},
  series={Amsterdam studies in the theory and history of linguistic science: Current issues in linguistic theory},
   year={2003},
  publisher={John Benjamins Pub.},
}



@collection{HEL,
  title={The {Cambridge} Handbook of Endangered Languages},
  editor={Austin, Peter K. and Sallabank, Julia},
  series={Cambridge Handbooks in Language and Linguistics},
  year={2011},
  publisher={Cambridge University Press},
}

@Book{BeckerGrammar,
author = {Karl Ferdinand Becker},
title = {A Grammar of the {German} Language},
publisher = {John Murray, Albemarle Street},
year = {1830},
address = {London},
url = {books.google.de/books?id=W-eGe6Ozn-gC}
}


@Book{DoubleCase,
editor = {Frans Plank},
title = {Double Case},
subtitle = {Agreement by {Suffixaufnahme}},
publisher = {Oxford University Press},
year = {1995},
address = {New York},
}



@InBook{PlankIntro,
crossref={DoubleCase},
title = {(Re-)Introducing {Suffixaufnahme}},
author = {Frans Plank},
pages = {3-110},
}

@Unpublished{PlankSuffixaufnahme2012,
author = {Frans Plank},
title = {Suffixaufnahme: Dix-sept ans après},
note = {Paper presented at Konstanz-Essex-JNU New Delhi Genitive Workshop, Konstanz, 11-13 October 2012.},
year = {2012},
url={ling.uni-konstanz.de/pages/home/plank/for_download/presentations_2/32_FP_Suffixaufnahme_x2012.pdf}
}

@Misc{PlankTamm,
author = {Frans Plank and Maria Koptjevskaja-Tamm},
title = {Kinds of adnominals: adjectives, nouns, and in between},
howpublished = {manuscript of a presentation},
}


@Misc{Joy2009,
author = {Joy Ruff},
title = {Locus and Linkers},
year = {2009},
url={www.langsci.ucl.ac.uk/linguistics/reading_groups/syntax/left.doc}
}

@inCollection{SakelTypes,
author = {Jeanatte Sakel},
title = {Types of loan: Matter and pattern},
pages = {15--30},
crossref = {MatrasSakelGrammatical},
}

@mvCollection{ShopenTypology,
editor = {Timothy Shopen},
title = {Language Typology and Syntactic Description},
year = {2007},
publisher = {Cambridge University Press},
address = {Cambridge},
edition = 2,
volumes = 3,
}

@Collection{ShopenTypology:3,
crossref={ShopenTypology},
title = {Grammatical Categories and the Lexicon},
volume = 3
}

@InCollection{ComrieThompson,
author = {Bernard Comrie and Sandra A. Thompson},
title = {Lexical nominalization},
crossref = {ShopenTypology:3},
pages = {334--381}
}

@Article{Acuna-Farina1999,
author = {Acuña-Fariña, Juan Carlos},
title = {On apposition},
journal = {English Language and Linguistics},
year = {1999},
volume = {3},
pages = {59--81},
}

@Book{JespersenPhilosophy,
author = {Otto Jespersen},
title = {The Philosophy of Grammar},
subtitle = {With a new Introduction and Index by James D. McCawley},
publisher = {The University of Chicago Press},
year = {1924 [1992]},
address = {Chicago},
}

@Collection{Eurotyp20-7,
editor = {Frans Plank},
title = {Noun Phrase Structure in the Languages of {Europe}},
publisher = {Mouton de Gruyter},
year = {2003},
number = {Eurotyp 20-7},
series = {Empirical Approaches to Language Typology},
address = {Berlin},
}



@InCollection{Tamm2003Possessive,
author = {Maria Koptjevskaja-Tamm},
title = {Possessive noun phrases in the languages of {Europe}},
crossref = {Eurotyp20-7},
pages = {621--722},
}

@article{MatrasSakel,
author = {Yaron Matras and Jeanette Sakel},
title = {Investigating the mechanisms of pattern replication in language convergence},
journaltitle = {Studies in Language},
date = {2007},
volume = {31},
number = {4},
pages = {829--865},
}

@book{ZwickyClitics,
author = {Zwicky, Arnold M.},
title = {On Clitics},
publisher = {Indiana University Linguistics Club},
address = {Bloomington, IN},
year = {1977},
}

@article{ZwickySupressing,
author = {Zwicky, Arnold M.},
title = {Supressing the {Z's}},
journal = {Journal of Linguistics},
volume = 23,
number = 1,
pages = {133--148},
year = 1987,
}

@article{ZwickyPullum,
author = {Zwicky, Arnold M. and Geoffrey K. Pullum},
title = {Cliticization vs. inflection: {English} \textit{n't}},
journal = {Language},
volume = 59,
pages = {502--513},
year = 1983,
}

@book{Miller,
title = {Clitics and constituents in phrase structure grammar},
author = {Miller, Philip H.},
publisher = {Garland},
address = {New York},
year = 1992,
}

@thesis{Riester,
author = {Arndt Riester},
title = {A Cross-Linguistic Perspective on Attributive Possession},
type = {\textit{Doctoraalscriptie Taalwetenschap} (Master thesis in linguistics)},
institution = {Universiteit van Amsterdam},
date = {2001},
}


@InCollection{UltanPossession,
author = {Russel Ultan},
title = {Toward a Typology of Substantival Possession},
maintitle = {Universals of Human Language},
volume = 4,
booktitle = {Syntax},
publisher = {Standford University Press},
address = {Standford, CA},
editor = {Joseph H. Greenberg},
pages = {11--50},
year = 1978
}
-- More (100%) -- @string{AUDIO = {\textsc{Audio: }}}



% Include Semitic.bib in order to have Goldenberg's and Hetzron's collections   
% Till here collections of Articles




@InCollection{AlichoranSibille,
author = {Joseph Alichoran and Jean Sibille},
title = {L'araméen},
booktitle = {Histoire sociale des langues de {France}},
pages = {869--875},
publisher = {Presses universitaires de Rennes},
year = {2013},
editor = {{Georg Kremnitz, \textit{avec le concours de Fañch Broudic et du collectif HSLF}}},
}


@Unpublished{OzHandout,
author = {Oz Aloni},
title = {Towards a Corpus of Jewish Zakho},
note = {Handout distributed in the Cambridge Neo-Aramaic Conference July 2011.},
year = {2011},
}


@Book{Avineri,
author = {Avinery, Iddo},
title = {\texthebrew{הניב הארמי של יהודי זאכו} (The Aramaic Dialect of the Jews of Zākhō)},
publisher = {The Israel Academy of the Sciences and Humanities},
year = {1988},
address = {Jerusalem},
note = {In Hebrew},
}

@Book{BenRahamim,
author = {Yosef Ben-Rahamim},
title = {\texthebrew{שפה אחת ודברים אחדים} (One Language and One Speech)},
subtitle = {\texthebrew{טקסטים בארמית מזרחית חדשה - להגי אורמיא ונע'דא} (Texts in the Jewish Neo-Aramaic Dialect of Azerbaijan [Urmia and Naġda])},
publisher = {Ben-Zvi Institute},
address = {Jerusalem},
year = 2006,
}

@inCollection{BorgheroContinuous,
author = {Roberta Borghero},
title = {The Present Continuous in the Neo-Aramaic Dialect of ʿAnkawa and its Areal and Typological Parallels},
pages = {187--206},
crossref = {KhanNapiorkowska},
}

@article{BorgheroGrammaticalization,
author = {Roberta Borghero},
title = {Aspects of Grammaticalization in North Eastern Neo-Aramaic},
journal = {Annali dell’Istituto Orientale di Napoli},
volume = 73,
year = 2013,
pages ={67--89},

}

@article{ChyetInfluence,
author = {Michael L. Chyet},
title = {Neo-Aramaic and Kurdish},
subtitle = {An Interdisciplinary Consideration of Their Influence on Each Other},
journal = {Israel Oriental Studies},
number = {XV},
issuetitle = {Language and Culture in the Near East},
editor = {Shlomo Izre'el and Rina Drory},
pages = {219--252},
year = {1995},
}

@inCollection{ChyetLoanwords,
author = {Michael L. Chyet},
title = {A Preliminary List of Aramaic Loanwords in Kurdish},
pages = {283--300},
booktitle = {Humanism, Culture, and Language in the Near East},
booksubtitle = {Studies in Honor of Georg Krotkoff},
editor = {Asma Afsaruddin and A. H. Mathias Zahniser},
publisher = {Eisenbrauns},
address = {Winona Lake, IN},
year = {1997},
}


@PhdThesis{CoghillAlqosh,
author = {Eleanor Coghill},
title = {The Neo-Aramaic dialect of Alqosh},
school = {University of Cambridge},
year = {2003},
}

@inCollection{CoghillChange,
author = {Eleanor Coghill},
title = {North-Eastern Neo-Aramaic and Language Contact},
booktitle = {The Oxford Handbook of Language Contact},
editor = {Anthony Grant},
year = {forthcoming},
publisher = {Oxford University Press},
address = {Oxford},
}

@article{CoghillDOM,
author = {Eleanor Coghill},
title = {Differential Object Marking in Neo-Aramaic},
journal = {Linguistics},
volume = 52,
number = 2,
pages = {335--364},
year = 2014,
}


@inCollection{CoghillNotable,
author = {Eleanor Coghill},
title = {Some Notable Features in North-Eastern Neo-Aramaic Dialects of Iraq},
crossref = {KhanStudies},
pages = {91--104},
}

@Book{CoghillRise,
author = {Eleanor Coghill},
title = {The Rise and Fall or Ergativity in Neo-Aramaic},
subtitle = {Cycles of Alignment Change},
publisher = {Oxford University Press},
address = {Oxford},
year = {2016},
}



@Article{CohenCopula,
author = {Eran Cohen},
title = {The Copular Clause in Jewish Zakho Neo-Aramaic},
journal = {Journal of Semitic Studies},
year = {2008},
volume = {53},
number = {1},
pages = {43--68},
}



@InProceedings{CohenNucleus,
author = {Eran Cohen},
title = {Marking nucleus and attribute in North-Eastern Neo-Aramaic},
booktitle = {Proceeding of the VIII Afro-Asiatic Congress (September 2008, Naples)},
pages = {79--94},
year = {2010},
number = {VII},
series = {Studi Maghrebini (Nuova Serie)},
}

@Book{CohenZakho,
author = {Eran Cohen},
title = {The Syntax of Neo-Aramaic: The Jewish Dialect of Zakho},
publisher = {Gorgias Press},
year = {2012},
series = {Gorgias Neo-Aramaic Studies},
number = {13},
address = {Piscataway, NJ},
}

@inCollection{CohenEzafe,
author = {Eran Cohen},
title = {Head-Marking in Neo-Aramaic Genitive Constructions and the \textit{ezafe} Construction in Kurdish},
booktitle = {Semitic Languages in Contact},
editor = {Aaron M. Butts},
series = {Studies in Semitic Languages and Linguistics},
publisher = {Brill},
address = {Leiden},
number = 82,
year = {2015},
pages = {114--125},
}

@Unpublished{CohenDetermination,
author = {Eran Cohen},
title = {The Determination System in the dialect of Jewish Zakho},
note = {To appear in a \textit{Festschrift} for Ariel Shisha-Halevy},
year = {forthcoming},
}


@Unpublished{DoronKhan,
        author = {Edit Doron and Geoffrey Khan},
        title = {The Typology of Morphological Ergativity
        in Neo-Aramaic},
        url = {pluto.huji.ac.il/~edit/edit/Bilbao%20paper%20Lingua.4.pdf},
        year = {2010},
}

@book{FassbergChalla,
author = {Steven E. Fassberg},
title = {The Jewish Neo-Aramaic Dialect of Challa},
date = {2010},
series = {Studies in Semitic Languages and
Linguistics},
number = {54},
publisher = {Brill},
address = {Leiden},
}


@InCollection{FoxClitics,
        author = {Fox, Samuel E.},
        title = {Cliticization in Neo-Aramaic},
        crossref = {HeinrichsNA},
        pages = {69--78},
}


@article{fox1994relationships,
  title={The relationships of the Eastern Neo-Aramaic dialects},
  author={Fox, Samuel E.},
  journal={Journal of the American Oriental Society},
  pages={154--162},
  year={1994},
}

@book{FoxJilu,
  title={The Neo-Aramaic dialect of Jilu},
  author={Fox, Samuel E.},
  number={16},
  series={Semitica Viva},
  year={1997},
  publisher={Otto Harrassowitz Verlag},
  address = {Wiesbaden},
}

@Book{FoxBohtan,
author = {Fox, Samuel E.},
title = {The {Neo-Aramaic} Dialect of {Bohtan}},
publisher = {Gorgias Press},
year = {2009},
number = {9},
series = {Gorgias Neo-Aramaic Studies},
address = {Piscataway, NJ},
}


@article{Garbell1965impact,
        title={The Impact of Kurdish and Turkish on the Jewish Neo-Aramaic Dialect of Persian Azerbaijan and the Adjoining Regions},
        author={Garbell, Irene},
        journal={Journal of the American Oriental Society},
        pages={159--177},
        year={1965},
        volume={85},
        number={2}
}

@Book{GarbellUrmi,
author = {Garbell, Irene},
title = {The Jewish Neo-Aramaic Dialect of Persian Azerbaijan},
subtitle = {linguistic analysis and folkloristic texts},
publisher = {Mouton \& Co.},
year = {1965},
number = {3},
series = {Janua linguarum, Series practica},
address = {The Hague},
}



@Article{Goldenberg1993review,
author = {Gideon Goldenberg},
title = {Review of \emph{Der neuaramäische Dialekt von Hertevin (Provinz Siirt)}},
note = {\citep{JastrowHertevin}},
journal = {Journal of Semitic Studies},
year = {1993},
volume = {38},
pages = {295--308},
annote = {Reprinted in \cite[630--643]{GoldenbergStudies}},
}

@article{GoldenbergEarly,
author = {Gideon Goldenberg},
title = {Early Neo-Aramaic and Present-Day Dialectal Diversity},
journaltitle = {Journal of Semitic Studies},
date = {2000},
volume = {45},
number = {1},
pages = {69--89},
relatedstring = {Reprinted\nopunct},
related = {GoldenbergEarlyReprint},
OPTaddendum =  {Reprinted in \citet[235--252]{GoldenbergFurther}},
}

@inBook{GoldenbergEarlyReprint,
crossref={GoldenbergFurther},
pages={235--252}
}

@book{GreenblattAmidya,
author = {Jared Greenblatt},
title = {The Jewish Neo-Aramaic Dialect of Amədya},
date = {2011},
series = {Studies in Semitic Languages and Linguistics},
number = {61},
publisher = {Brill},
address = {Leiden},
}

@online{GutmanCompounds,
author = {Ariel Gutman},
title = {Construct State Constructions in Neo-Aramaic: Are These Compounds?},
year = {2014},
url = {www.academia.edu/7804086/Construct_State_Constructions_in_Neo-Aramaic_Are_These_Compounds},
note = {Presentation at the International Conference on the Cross-linguistic Comparison of Indo-Germanic and Semitic Languages, University of Konstanz, 21--23 July 2014}, 
}


@inCollection{GutmanContact,
author = {Gutman, Ariel},
title = {Can pattern replication be easily established?  The case of the Neo-Aramaic Neo-Construct},
booktitle = {Actes des 18èmes Rencontres Jeunes Chercheurs en Sciences du Langage (RJC 2015)},
booksubtitle = {Contact de langues :  situations, représentations, réalisations},
year = {2016⁺},
url = {https://www.academia.edu/27658392/Can_pattern_replication_be_easily_established_The_case_of_the_Neo-Aramaic_Neo-Construct}
}

@incollection{GutmanGaznax,
author = {Gutman, Ariel},
title = {Some Features of the Gaznax Dialect (South-East Turkey)},
pages = {305--321},
crossref = {KhanNapiorkowska},
}


@Article{GutmanReexamination,
author = {Gutman, Ariel},
title = {Reexamination of the Bare Preterite Base in the Jewish Neo-Aramaic Dialect of Zakho},
journal = {Aramaic Studies},
volume = 6,
number = 1,
year = 2008,
pages = {59--84},

}

@inCollection{HeinrichsSenaya,
author = {Heinrichs, Wolfhart},
title = {Peculiarities of the Verbal System of Senāya within the Framework of North Eastern Neo-Aramaic (NENA)},
pages = {237--268},
crossref = {jastrow2002sprich},
}

@article{Hoberman1988history,
        title={The history of the Modern Aramaic pronouns and pronominal suffixes},
        author={Robert D. Hoberman},
        journal={Journal of the American Oriental Society},
        volume = 108,
        number = 4,
        pages={557--575},
        year={1988},
        eprinttype = {jstor},
        eprint = {603145},
        
        
}

@Book{HobermanVerb,
author = {Robert D. Hoberman},
title = {The Syntax and Semantics of Verb Morphology in Modern Aramaic: A Jewish dialect of Iraqi Kurdistan},
publisher = {American Oriental Society},
year = {1989},
address = {New Haven, Connecticut},
}

@inCollection{HobermanZakho,
author = {Robert D. Hoberman},
title = {Chaldean Aramaic of Zakho},
pages = {115--126},
booktitle = {Semitica},
booksubtitle = {Serta philologica Constantino Tsereteli dicata},
editor = {Riccardo Contini and Fabrizio A. Pennacchietti and Mauro Tosco},
publisher = {Silvio Zamorani Editore},
address = {Torino},
year = 1993,
}


@InCollection{HobermanPronouns,
        author = {Robert D. Hoberman},
        title = {Reconstructing Pre-Modern {Aramaic} Morphology: The Independent Pronouns},
        crossref = {HeinrichsNA},
        pages = {79--88},
}

@Article{Jastrow1971,
author = {Jastrow, Otto},
title = {Ein neuaramäischer {Dialekt} aus dem {Vilayet Siirt} ({Ostanatolien})},
journal = {Zeitschrift der Deutschen Morgenländischen Gesellschaft},
year = {1971},
volume = {121},
pages = {215--222},
}

@book{JastrowHertevin,
  title={Der neuaramäische {Dialekt} von {Hertevin} ({Provinz Siirt})},
  author={Jastrow, Otto},
  series={Semitica Viva},
  number={3},
  year={1988},
  publisher={Otto Harrassowitz Verlag},
  address={Wiesbaden},
  addendum = AUDIO#{\url{www.semarch.uni-hd.de/tondokumente.php43?ORT_ID=27}}
}

@book{JastrowLehrbuch,
author={Jastrow, Otto},
title = {Lehrbuch der Ṭuroyo-Sprache},
publisher = {Harrassowitz Verlag},
address = {Wiesbaden},
year = 2002,
series = {Semitica Viva - Series Didactica},
number = 2,
}

@incollection{JastrowDetermination,
author={Jastrow, Otto},
title = {Der bestimmte Artikel im Aramäischen - ein Blick auf 3000 Jahre Sprachgeschichte},
booktitle = {Studia Semitica et Semitohamitica},
booksubtitle = {Festschrift für Rainer Voigt anläßlich seines 60. Geburtstages am 17. Januar 2004},
editor = {Bogdan Burtea and Josef Tropper and Helen Younansardaroud},
series = {Alter Orient und Altes Testament},
number = 317,
year = 2005,
publisher = {Ugarit Verlag},
address = {Münster},

}
@book{JastrowMidin,
title = {Laut- und Formenlehre des neuaramaeischen Dialekts von Mīdin im Ṭūr ʿAbdīn},
edition = {3. ergänzte Auflage},
author={Jastrow, Otto},
publisher = {Otto Harrassowitz},
address={Wiesbaden},
year = {1985},
}

@online{NenaDatabase,
        editor = {Khan, Geoffrey},
        shorthand = {Khan, ed.},
        title = {The North Eastern Neo-Aramaic Database Project},
        url = {nena.caret.cam.ac.uk},
        publisher = {University of Cambridge},
        addendum = {Curated at the University of Cambridge},    
}

@book{KhanArbel,
        title={A grammar of Neo-Aramaic: the dialect of the Jews of Arbel},
        author={Khan, Geoffrey},
        year={1999},
        publisher={Brill},
        address = {Leiden},
        series = {Handbook of Oriental Studies},
        number = {I-47},
        addendum = AUDIO#{\url{www.semarch.uni-hd.de/dokumentgruppen.php43?ST_ID=5&DT_ID=124}}
}

@MvBook{KhanBarwar,
        author = {Geoffrey Khan},
        title = {The Neo-Aramaic Dialect of Barwar},
        publisher = {Brill},
        address={Leiden},
        year = {2008},
        series = {Handbook of Oriental Studies},
        number = {I-96},
        volumes = {3},
}

@inCollection{KhanDefinitness,
author = {Geoffrey Khan},
title = {The Expression of Definiteness in North-Eastern Neo-Aramaic Dialects},
pages = {287--304},
booktitle = {Aramaic in its Historical and Linguistic Setting},
editor = {Holger Gzella and Margaretha L. Folmer},
publisher = {Harrassowitz Verlag},
address = {Wiesbaden},
year = 2008,
series = {Veröffentlichungen der Orientalischen Kommisssion der Akademie Mainz},
number = 50,
}

@article{KhanGenitive,
author = {Geoffrey Khan},
title = {The Genitive and Relative Clauses in the {North-Eastern Neo-Aramaic} Dialects},
crossref = {WatsonResto2009},
pages = {69--87}
}

@inCollection{KhanGrammatical,
author = {Geoffrey Khan},
title = {Grammatical borrowing in North-eastern Neo-Aramaic},
crossref = {MatrasSakelGrammatical},
pages = {197--214},
}

@book{KhanQaraqosh,
  title={The Neo-Aramaic Dialect of Qaraqosh},
  author={Khan, Geoffrey},
  series={Studies in Semitic languages and linguistics},
  number={36},
  year={2002},
  publisher={Brill},
  address={Leiden},
  addendum = AUDIO#{\url{www.semarch.uni-hd.de/tondokumente.php43?ORT_ID=137}}
}

@inCollection{KhanRustaqa,
title = {The Neo-Aramaic Dialect of the Jews of Rustaqa},
author = {Khan, Geoffrey},
crossref = {jastrow2002sprich},
pages = {395--410},
}

@book{KhanSulemaniyya,
author = {Geoffrey Khan},
title = {The Jewish Neo-Aramaic Dialect of Sulemaniyya and Ḥalabja},
date = {2004},
series = {Studies in Semitic Languages and Linguistics},
number = {44},
publisher = {Brill},
address = {Leiden},
addendum = AUDIO#{\url{www.semarch.uni-hd.de/tondokumente.php43?ORT_ID=138}}
}

@Book{KhanSanandaj,
        author = {Geoffrey Khan},
        title = {The Jewish Neo-Aramaic Dialect of Sanandaj},
        publisher = {Gorgias Press},
        year = {2009},
        series = {Gorgias Neo-Aramaic Studies},
        number = {10},
        address = {Piscataway, NJ},
}



@Book{KhanUrmi,
        author = {Geoffrey Khan},
        title = {The Jewish Neo-Aramaic Dialect of Urmi},
        publisher = {Gorgias Press},
        year = {2008},
        number = {2},
        series = {Gorgias Neo-Aramaic Studies},
        address = {Piscataway, NJ},
}

@article{KimStammbaum,
        author = {Ronald Kim},
        title = {\enquote{Stammbaum} or Continuum? The Subgrouping of Modern Aramaic Dialects Reconsidered},
        journal = {Journal of the American Oriental Society},
        volume = 128,
        number = 3,
        pages = {505--531},
        year={2008},
                eprinttype = {jstor},
                eprint = {25608409},
}


@book{KrotkoffAradhin,
author = {Georg Krotkoff},
title = {A Neo-Aramaic Dialect of Kurdistan},
subtitle = {Texts, Grammar and Vocabulary},
publisher = {American Oriental Society},
address = {New Haven, CT},
year = {1982},
series = {American Oriental Series},
number = 64,
note = {[A description of C. Aradhin dialect]},
addendum = AUDIO#{\url{www.semarch.uni-hd.de/tondokumente.php43?ORT_ID=59}}
}

@Book{MacleanGrammar,
author = {Maclean, Arthur John},
title = {Grammar of the Dialects of Vernacular Syriac},
subtitle = {As spoken by the Eastern Syrians of Kurdistan, North-West Persia, and The Plain of Mosul, with notices of the vernacular of the Jews of Azerbaijan and of Zakhu near Mosul},
publisher = {Cambridge University Press},
year = {1895},
}

@Online{McPhersonCaldani,
author = {Laura McPherson and Paul Caldani},
title = {Leshaan Senaaye: The Senaya Language},
url = {www.senaya.org},
year = 2013
}

@Book{Marogulov,
author = {Marogulov, Konstantin I.},
title = {Grammaire Néo-Syriaque pour écoles d'adultes (dialecte d'Urmia)},
series = {\textit{\textfrench{Comptes rendus de g.l.e.c.s, Supplément}}},
number = {5},
publisher = {Geuthner},
address = {Paris},
year = 1976,
translator = {Olga Kapeliuk},
origlanguage = {NENA},
origdate = {1935},
origtitle = {Grammatiqij qə mədrəsi d gurь},
origaddress = {Moscow},
addendum = {Original title: \textit{\cyrillicfont Grammatiqij qə mədrəsi d gurь}, Moscow, 1935},
}

@incollection{MengozziExtended,
author = {Alessandro Mengozzi},
title = {Extended Prepositions in Neo-Aramaic, Kurdish and Italian},
crossref = {MengozziStudi},
pages = {371--390},
}

@book{MengozziPoetry2002,
editor = {Alessandro Mengozzi},
title = {Israel of Alqosh and Joseph of Telkepe, A Story in a Truthful Language},
subtitle = {Religious Poems in Vernacular Syriac (North Iraq, 17th Century)},
volume = {I: Text and Glossary},
series = {Corpus Scriptorum Christianorum Orientalium},
number = {589},
publisher = {Peeters},
address = {Louvain},
year = {2002},
}

@book{MengozziPoetry2011,
editor = {Alessandro Mengozzi},
title = {Religious Poetry in Vernacular Syriac from Northern Iraq (17th-20th Centuries)},
vols = 2,
series = {Corpus Scriptorum Christianorum Orientalium},
number = {627--628},
publisher = {Peeters},
address = {Louvain},
year = 2011,
}



@Book{MurreUrmi,
        author = {Murre-van den Berg, Helene L.},
        title = {From a Spoken to a Written Language},
        subtitle = {The Introduction and Development of Literary Urmia Aramaic in the Nineteenth Century},
        publisher = {Nederlands Instituut voor het Nabije Oosten},
        address = {Leiden},
        series = {Publication of the \enquote{De Goeje Fund}},
        number = {No.\ XXVIII}, 
        year = {1999},
        addendum = {Extended version of Ph.D. thesis from 1995},
        OPTschool = {Leiden University},
        OPTyear = {1995},
}

@inCollection{MutzafiAradhin,
        title = {On the Jewish Neo-Aramai Dialect of Aradhin and its Dialectal Affinities},
        author={Mutzafi, Hezy},
        crossref = {jastrow2002sprich},
        pages = {479--488},
}

@article{MutzafiBarzani,
        title={Two texts in Barzani Jewish Neo-Aramaic},
        author={Mutzafi, Hezy},
        journal={Bulletin of the School of Oriental and African Studies},
        volume={67},
        number={01},
        pages={1--13},
        year={2004},
        publisher={Cambridge University Press},
        addendum = AUDIO#{\url{www.semarch.uni-hd.de/tondokumente.php43?&GR_ID=&ORT_ID=115&DOK_ID=1437}.},
}

@article{MutzafiBarzani2002,
author={Mutzafi, Hezy},
title = {Barzani Jewish Neo-Aramaic and its dialects},
journal = {Mediterranean Language Review},
volume = 14,
year = 2002,
pages = {41--70},
}

@article{MutzafiBaz,
title = {The Neo-Aramaic Dialect of Maha Khtaya d-Baz},
subtitle = {Phonology, Morphology and Texts},
author={Mutzafi, Hezy},
journal = {Journal of Semitic Studies},
volume = {XLV},
number = 2,
year = 2000,
pages = {293--322}
}

@Book{MutzafiBetanure,
author={Mutzafi, Hezy},
title = {The Jewish Neo-Aramaic Dialect of Betanure (Province of Dihok)},
year = 2008,
publisher = {Harrassowitz Verlag},
address = {Wiesbaden},
series = {Semitica Viva},
number = 43,
addendum = AUDIO#{\url{www.semarch.uni-hd.de/tondokumente.php43?ORT_ID=159}.},

}

@Book{MutzafiKoySanjaq,
author={Mutzafi, Hezy},
title = {The Jewish Neo-Aramaic Dialect of Koy Sanjaq (Iraqi Kurdistan)},
year = 2004,
publisher = {Harrassowitz Verlag},
address = {Wiesbaden},
series = {Semitica Viva},
number = 32,
addendum = AUDIO#{\url{www.semarch.uni-hd.de/tondokumente.php43?ORT_ID=71}.},
}

@incollection{MutzafiSalamas,
author={Mutzafi, Hezy},
title = {Christian Salamas and Jewish Salamas: Two Separate Types of Neo-Aramaic},
crossref={KhanNapiorkowska},
pages = {289--304},
}

@Article{MutzafiTransZab,
        author = {Mutzafi, Hezy},
        title = {Trans-Zab Jewish Neo-Aramaic},
        journal = {Bulletin of SOAS},
        year = {2008},
        pages = {409--431},
          volume={71},
          number={3},
          publisher={Cambridge University Press}
}

@book{NapiorkowskaDiyana,
author = {Lida Napiorkowska},
title = {A Grammar of the Christian Neo-Aramaic Dialect of Diyana-Zariwaw},
publisher = {Brill},
address = {Leiden},
series = {Studies in Semitic Languages and Linguistics},
number = 81,
year = 2015,
}

@article{Noorlander,
        author = {Paul M. Noorlander},
        title = {Diversity in convergence: Kurdish and Aramaic variation entangled},
        journal = {Kurdish Studies},
        volume = {2},
        number = {2},
        pages = {201--224},
        url = {www.tplondon.com/journal/index.php/ks/issue/view/10},
        year = 2014,
}

@inCollection{NoorlanderStilo,
        author = {Paul M. Noorlander and Donald Stilo},
        title = {On the Convergence of Verbal Systems of Aramaic and Its Neighbours},
        pages = {426--484},
        crossref = {KhanNapiorkowska},
}


@book{odisho1988sound,
  title={The sound system of modern Assyrian (Neo-Aramaic)},
  author={Odisho, E.Y.},
  year={1988},
  publisher={Otto Harrassowitz Verlag}
}

@Article{PoizatVillages,
author = {Bruno Poizat},
title = {The Sureth-Speaking Villages in Eastern Turkey},
journal = {Journal of the Assyrian Academic Society},
year = {1986},
volume = {1},
pages = {17--23},
}


@Book{PoizatManuel,
        author = {Bruno Poizat},
        title = {Manuel de Soureth: Initiation à l'Araméen d'Aujourd'hui, Parlé et Écrit},
        publisher = {Geuthner},
        address={Paris},
        year = {2008},
        titleaddon = {\textit{Avec la collaboration de {Yawsep Alichoran} et {Yohanan Binouissa}}}
}

@Book{ReesTargum,
author = {Margo Rees},
title = {Lishan Didan, Targum Didan},
subtitle = {Translation Language in a Neo-Aramaic Targum Tradition},
series = {Gorgias Neo-Aramaic Studies},
number = 3,
publisher  = {Gorgias Press},
address = {Piscataway, NJ},
year = 2008,
}

@article{SabarArabic,
 author = {Yona Sabar},
 journal = {Journal of the American Oriental Society},
 number = {1},
 pages = {201--211},
 publisher = {American Oriental Society},
 title = {The Arabic Elements in the Jewish Neo-Aramaic Texts of Nerwa and ʿAmādīya, Iraqi Kurdistan},
 volume = {104},
 year = {1984},
 eprinttype = {jstor},
 eprint = {602651},
}

@inCollection{SabarEuropean,
 author = {Yona Sabar},
 title = {General European Loanwords in Jewish Neo-Aramaic Dialect of Zakho, Iraqi Kurdistan},
 pages = {53--66},
 crossref = {HeinrichsNA},
}



@Book{SabarFather,
author = {Ariel Sabar},
title = {My Father's Paradise: A Son's Search For His Family's Past},
publisher = {Algonquin Books},
year = {2009},
}

@Book{SabarMidrashim,
        author = {Yona Sabar},
        title = {\texthebrew{מדרשים בארמית יהודי כורדיסטאן לפרשיות ויחי, בשלח ויתרו} (Homilies in the Neo-Aramaic of the Kurdistani Jews on the Parashot Wayḥi, Beshallaḥ and Yitro)},
        publisher = {The Israel Academy of Sciences and Humanities},
        address = {Jerusalem},
        year = {1984},  
}

@Book{SabarNerwa,
        author = {Yona Sabar},
        title = {Pəšaṭ Wayəhî Bəšallaḥ: A Neo-Aramaic Midrash on Beshallaḥ (Exodus)  Introduction, Phonetic Transcription, Translation, Notes and Glossary},
        publisher = {Otto Harrassowitz},
        year = {1976},
        address = {Wiesbaden},
}

@book{SabarDictionary,
        title={A Jewish Neo-Aramaic dictionary},
        subtitle={Dialects of Amidya, Dihok, Nerwa and Zakho, northwestern Iraq },
        author={Sabar, Yona},
        series={Semitica Viva},
        number={28},
        year={2002},
        publisher={Harrassowitz Verlag},
        address={Wiesbaden}
}


@InCollection{SabarAgonies,
author = {Yona Sabar},
title = {Agonies of Childbearing and Child Rearing in {Iraqi Kurdistan}: A Narrative in {Jewish Neo-Aramaic} and its {English} Translation},
crossref = {GoldenbergFestschrift},
pages = {107--145},
}

@Book{SabarGenesis,
author = {Yona Sabar},
title = {The Book of Genesis in Neo-Aramaic},
publisher = {Magnes Press},
year = {1983},
number = {IX},
series = {Publications of The Hebrew University Language Traditions Project},
address = {Jerusalem},
}

@thesis{SchallerSanandaj,
author = {Schaller, Nurit},
title = {Grammatische Skizze des Jüdisch Nordostneuaramäischen Dialekts aus Sanandaǧ (Iranisch Kurdistan)},
type = {Magisterarbeit},
institution = {Hochschule für Jüdische Studien Heidelberg},
date = {2007},
}


@online{SemArch,
editor = {Werner Arnold},
shorthand = {Arnold, ed.},
title = {SemArch - Semitisches Tonarchiv},
url = {www.semarch.uni-hd.de},
editora = {Hafis El-Ghannam},
editoratype = {Technical realization},
addendum = {Archive of recordings of living Semitic languages, curated at the University of Heidelberg.},
}


@Book{SinhaBespen,
        author = {Jasmin Sinha},
        title = {Der neuostaramäische Dialekt von Bēṣpən},
        subtitle ={(Provinz Mardin, Südosttürkei) Eine grammatische Darstellung},
        publisher = {Herassowitz Verlag},
        year = {2000},
        address = {Wiesbaden},
        addendum = AUDIO#{\url{www.semarch.uni-hd.de/tondokumente.php43?ORT_ID=15}}
}

@Book{Socin,
author = {Socin, Albert},
title = {Die neu-aramäischen Dialekte von Urmia bis Mosul},
subtitle = {Texte u. Uebers.},
address = {Tübingen}, 
publisher = {Laupp},
year = {1882},
}

@Book{TalayKhabur,
author = {Shabo Talay},
title = {Die neuaramäischen Dialekte der Khabur-Assyrer in Nordostsyrien},
subtitle = {Einführung, Phonologie und Morphologie},
publisher = {Harrassowitz Verlag},
address = {Wiesbaden},
year = 2008,
series = {Semitica Viva},
number = {40},
}

@Online{ThiryGeznakh,
author = {August Thiry},
title = {Geznakh -- Back to Hakkari},
year = {2007},
urldate = {2012-06},
url={www.shlama.be/shlama/content/view/11/12/}
}


@article{Tsetsereli,
author={Konstantin Tsereteli},
title={A Type of Nominal Syntagm in Modern Aramaic Dialects},
journal = {Bulletin of the School of Oriental and African Studies, University of London},
volume = 28,
number = 2,
year = 1965,
pages = {227--232},
publisher = {Cambridge University Press},
}


@Book{WernerWNA,
author = {Werner Arnold},
title = {Das Neuwestaramäische},
volume = {V.\ \textit{Grammatik}},
publisher = {Otto Harrassowitz},
address = {Wiesbaden},
year = 1990,
Series = {Semitica Viva},
Number = {4/V},
addendum = AUDIO#{\url{http://www.semarch.uni-hd.de/dokumentgruppen.php43?ST_ID=5&DT_ID=8}}
}

@Book{WernerWNALehrbuch,
author = {Werner Arnold},
title = {Lehrbuch des Neuwestaramäischen},
edition = {\textit{Zweite, revidierte und erwiterte Auflage}},
publisher = {Harrassowitz Verlag},
address = {Wiesbaden},
year = 2006,
series = {Semitica Viva - Series Didactica},
number = 1,
}

@Book{YaramisGaznakh,
author = {Zackarie Yaramis},
title = {Gaznakh : Nid des Civilisations},
publisher = {Transversales Editions},
address={Millau},
year = {2010},
OptISBN = {978-2-915798-22-7},
}


@InCollection{GoldenbergZaken,
author = {Gideon Goldenberg and Mordekhay Zaken},
title = {The Book of Ruth in Neo-Aramaic},
pages = {151--157},
crossref = {HeinrichsNA}
}

@InCollection{PanoussiSenaya,
author = {Estiphan Panoussi},
title = {On the {Senaya} dialect},
crossref = {HeinrichsNA},
pages = {107--129},
}


@Article{Pennacchietti1996,
author = {Fabrizio A. Pennacchietti},
title = {Il pronome determinativo d- e la complementazione dell’aggettivo nel neoaramaico di Urmia},
journal = {Israel Oriental Studies},
year = {1996},
pages = {71--84},
volume = {16},
}

@article{PennacchiettiContact,
title = {Neoaramaico, Curdo e Armeno: Lingue a contatto},
author = {Fabrizio A. Pennacchietti and Alessandro Orengo},
journal = {Egitto e Vicino Oriente},
volume = 18,
year = 1995,
pages = {221--233},
}

@book{YounansardaroudSardarid,
author = {Helen Younansardaroud},
title = {Der neuostaramäische Dialekt von Särdäːrïd},
date = {2001},
series = {Semitica Viva},
number = {26},
publisher = {Harrassowitz Verlag},
address = {Wiesbaden},
addendum = AUDIO#{\url{www.semarch.uni-hd.de/tondokumente.php43?ORT_ID=14}},
}


@Collection{HeinrichsNA,
        editor = {Wolfhart Heinrichs},
        title = {Studies in Neo-Aramaic},
        booktitle = {Studies in Neo-Aramaic},
        publisher = {Scholars Press},
        year = {1990},
        number = {36},
        series = {Harvard Semitic Series},
        address = {Atlanta, GA},
}

@collection{KhanStudies,
editor = {Geoffrey Khan},
title = {Neo-Aramaic Dialect Studies},
subtitle = {Proceedings of a Workshop on Neo-Aramaic held in Cambridge 2005},
series = {Gorgias Neo-Aramaic Studies},
number = 1,
publisher  = {Gorgias Press},
address = {Piscataway, NJ},
year = 2008,
}

@collection{KhanNapiorkowska,
editor = {Geoffrey Khan and Lidia Napiorkowska},
title = {Neo-Aramaic and its Linguistic Context},
date = {2015},
series = {Gorgias Neo-Aramaic Studies},
number = {14},
publisher = {Gorgias Press},
address = {Piscataway, NJ},
}



-- More (100%) -- @article{Dion,
author = {Paul-E. Dion},
title = {The Language Spoken in Ancient Samʾal},
journal = {Journal of Near Eastern Studies},
volume = 37,
number = 2,
issuetitle = {The Chicago Colloquium on Aramaic Studies},
year = 1978,
pages = {115--118},
eprint = {545138},
eprinttype = {jstor},

}

@Article{Grassi2009,
author = {Giulia Francesca Grassi},
title = {The emergence of the genitive analytical construction in {Aramaic}},
journal = {Annali dell’Istituto Orientale di Napoli},
year = {2009 [2012]},
volume = {69},
pages = {141--156},
}

@InCollection{GrassiForthcoming,
author = {Giulia Francesca Grassi},
title = {Analytical and synthetic genitive constructions in Epigraphic Middle Aramaic},
booktitle = {Sounds and Words through the Millennia: Afro-Asiatic from Turin},
publisher = {Dell'Orso},
year = {in press},
editor = {A. Mengozzi and M. Tosco},
address = {Alessandria},
}



@InProceedings{Grassi2013,
author = {Giulia Francesca Grassi},
title = {Analytical and synthetic genitive constructions in {Old, Imperial and Epigraphic Middle Aramaic}},
booktitle = {Schrift und Sprache},
booksubtitle = {Papers Reasd at the 10th Mainz International Collquium on Ancient Hebrew (MICAH), Mainz, 28--30 October 2011},
pages = {375--434},
year = {2013},
editor = {Reinhard G. Lehmann and Anna Elise Zernecke},
volume = {15},
series = {KUSATO},
address = {Kamen},
publisher = {Hermut Spenner},
}

@Article{Garr1990,
author = {W. Randall Garr},
title = {On the Alternation between Construct and dī-Phrases in {Biblical Aramaic}},
journal = {Journal of Semitic Studies},
year = {1990},
volume = {35},
number = {2},
pages = {213--231},
}

@InProceedings{Kaddari1969,
author = {M.Z. Kaddari},
title = {Construct State and di-Phrases in {Imperial Aramaic}},
booktitle = {Proceedings of the International Conference on Semitic Studies held in Jerusalem, 19-23 July 1965},
year = {1969},
pages = {102-115},
}

@Article{Kuty2007,
author = {R.J. Kuty},
title = {Genitive Constructions in Targum Jonathan to Samuel},
journal = {Aramaic Studies},
year = {2007},
volume = {5},
number = {1},
pages = {111--131},
}

@InCollection{Kuty2009,
author = {R.J. Kuty},
title = {Genitive constructions in Targum Onqelos to Genesis},
subtitle = {The relation between the Aramaic of Targum Onqelos and the Aramaic of Targum Jonathan},
pages = {89--111},
crossref={Watson-Retsö2009},
}

@Article{KutyForthcoming,
author = {R.J. Kuty},
title = {La relation génitivale en vieil araméen (Xe-VIIe siècles av. J.-C.)},
journal = {Zeitschrift der Deutschen Morgenländischen Gesellschaft},
year = {Forthcoming},
}




@Collection{Watson-Retsö2009,
booktitle = {Relative Clauses and Genitive Constructions in Semitic},
booksubtitle = {Typology and Diachrony},
publisher = {University of Manchester},
year = {2009},
editor = {J.C.E. Watson and J. Retsö},
note = {supplement of the Journal of Semitic Studies},
}
 
@InCollection{Retsö2009,
author = {J. Retsö},
title = {Nominal Attribution in Semitic},
subtitle = {Typology and Diachrony},
crossref = {Watson-Retsö2009},
pages = {3--33},
}


 

@Book{Pennacchietti1968,
author = {F.A. Pennacchietti},
title = {Studi sui pronomi determinativi semitici},
publisher = {Istituto Universitario Orientale},
year = {1968},
address = {Napoli},
note = {(Istituto Orientale di Napoli. Pubblicazioni del Seminario di Semitistica. Ricerche, iv.)},
}


@InProceedings{Pennacchietti1984,
author = {F.A. Pennacchietti},
title = {Modi e forme del sintagma genitivale in semitico a partire dai testi di Ebla fino ai giorni nostri},
booktitle = {Il bilinguismo a Ebla},
booksubtitle = {Atti convegno internazionale (Napoli, 19-22 aprile 1982)},
pages = {267--293},
year = {1984},
editor = {L. Cagni},
address = {Napoli},
}
