@Book{MacKenzie,
author = {David Neil MacKenzie},
maintitle = {{Kurdish} Dialect Studies},
volume = {I},
publisher = {Oxford University Press},
year = {1961},
series = {London Oriental Series},
number = {9},
address = {London},
addendum = {Reprinted by the School of Oriental and African Studies 1981},
}

@Book{MacKenzieHawrami,
author = {David Neil MacKenzie},
title = {The Dialect of {Awroman (Hawrāmān-ī Luhōn)}},
subtitle = {Grammatical sketch, texts, and vocabulary},
location = {København},
year = 1966,
series = {Historisk-filosofiske Skrifter},
volume = {4},
number = {3},
publisher = {Det Kongelige Danske Videnskabernes Selskab (The Royal Danish Academy of Sciences and Letters)},
}

@Book{MacKenzieTexts,
author = {David Neil MacKenzie},
maintitle = {{Kurdish} Dialect Studies},
volume = {II},
publisher = {Oxford University Press},
year = {1962},
series = {London Oriental Series},
number = {10},
address = {London},
}

@Book{ThackstonSorani,
author = {W. M. Thackston},
title = {\textarabic{زمانی كوردی سۆرانی} {Sorani Kurdish}},
subtitle = {A Reference Grammar with Selected Readings},
OPTshorthand = {Thackston, Sorani},
year = {2006},
url = {http://www.fas.harvard.edu/~iranian/Sorani}
}

@Book{ThackstonKurmanji,
author = {W. M. Thackston},
title = {{Kurmanji Kurdish}},
subtitle = {A Reference Grammar with Selected Readings},
OPTshorthand = {Thackston, Kurmanji},
year = {2006},
url={http://www.fas.harvard.edu/~iranian/Kurmanji}
}

@Book{BlauSorani,
author = {Joyce Blau},
title = {Manuel de Kurde},
subtitle = {Dialecte Sorani},
publisher = {Librairie C. Klincksieck},
year = {1980},
address = {Paris},
series = {\textfrench{Institut d'Études Iraniennes de l'Université de la Sorbonne Nouvelle, Documents et Ouvrages de Reference}},
number = {2}, 
relatedstring = {Re-edited as},
related = {BlauSorani2000}
}

@Book{BlauSorani2000,
author = {Joyce Blau},
title = {Methode de Kurde},
subtitle = {Sorani \textarabic{سۆرانی}},
publisher = {L'Haramattan},
year = {2000},
address = {Paris},
relatedstring = {Re-edition of},
related = {BlauSorani}
}

@Book{BlauAmadiya,
author = {Joyce Blau},
title = {Le Kurde de {ʿAmādiya et de Djabal Sindjār}},
subtitle = {Analyse linguistique, textes folkloriques, glossaires},
publisher = {Librairie C. Klincksieck},
year = {1975},
address = {Paris},
series = {Travaux de l'Institut d'Études Iraniennes de l'Université de la Sorbonne Nouvelle},
number = {8}
}

@Book{AbdullaMcCarus,
author = {Jamal Jalal Abdulla and Ernest N. McCarus},
title = {Kurdish Basic Course},
subtitle = {Dialect of {Sulaimania, Iraq}},
publisher = {The University of Michigan Press},
year = {1967},
address = {Ann Arbor},
}

@Book{BedirKhanLescot,
author = {Bedir Khan, Djeladet and Roger Lescot},
title = {Grammaire Kurde (Dialect kurmandji)},
publisher = {Librairie d'Amérique et d'Orient},
year = {1970},
address = {Paris},
}

@Book{BedirKhan,
author = {Bedir Khan, Kamuran Aali},
title = {Lanuge Kurde},
subtitle = {Eléments de Grammaire extraits des cours donnés à {l'Ecole Nationale des Langues Orientales Vivantes}},
year = {1960},
address = {Paris},
edition = {2},
}

@Collection{AspectsIranian,
title = {Aspects of {Iranian} linguistics},
editor = {Simin Karimi and Vida Samiian and Donald Stilo},
publisher = {Cambridge Scholars Publishing},
location = {Newcastle},
year = {2008},
}

@article{EdmondsPreposition,
author = {C. J. Edmonds},
title = {Prepositions And Personal Affixes In {Southern Kurdish}},
journal = {Bulletin of the School of Oriental and African Studies},
volume = 17,
issue = 3,
year = 1955,
pages = {490--502},
eprinttype = {jstor},
  eprint = {609592},
}

@book{Hartmann,
editor = {Martin Hartmann},
title = {{Der kurdische Diwan des Schēch Aḥmed von Ǧezīret Ibn ʿOmar genannt Mälaʾi Ǧizri}},
subtitle = {Fotolithografie einer Handschrift},
publisher = {S. Calvary and Co},
location = {Berlin},
year = 1904,
}

@InCollection{HolmbergOdden,
author = {Anders Holmberg and David Odden},
title = {The Noun Phrase in {Hawrami}},
crossref={AspectsIranian},
pages = {129--151},
}

@InCollection{SamvelianClitics,
author = {Pollet Samvelian},
title = {What {Sorani Kurdish} Absolute Prepositions Tell Us About Cliticization},
booktitle = {Texas Linguistic Society IX},
booksubtitle = {The Morphosyntax of Underrepresented Languages},
editor = {Frederick Hoyt and Nikki Seifert and Alexandra Teodorescu and Jessica White},
year = {2007},
publisher = {CSLI Publications},
location = {Stanford, CA},
pages = {263--283},
OPTurl = {http://web.stanford.edu/group/cslipublications/cslipublications/TLS/TLS9-2005/TLS9_Samvelian_Pollet.pdf},
}

@InCollection{SamvelianHead,
author = {Pollet Samvelian},
title = {The {Ezafe} as a head-marking inflectional affix: Evidence from {Persian and Kurmanji Kurdish}},
crossref={AspectsIranian},
pages = {339--361},
}


@Book{Todd,
author = {Terry Lynn Todd},
title = {A Grammar of {Dimili}},
subtitle = {Also Known as {Zaza}},
publisher = {Iremet Förlag},
year = {2002},
address = {Stockholm},
addendum = {Re-edited 2008 as an electronic edition, available at \url{www.zazaki.de/english/T.L.Todd-AGrammarofDimli.pdf}}
}

@Unpublished{LarsonYamakido,
author = {Richard K. Larson and Hiroko Yamakido},
title = {Zazaki \enquote{Double Ezafe} as Double Case-marking},
note = {Paper presented at the Linguistic Society of America annual meetings,
Albuquerque, January, 2006.},
year = {2006},
}


@incollection{HaigLinker,
author = {Geoffrey Haig},
editor = {Foong Ha Yap and Karen Grunow-Hårsta and Janick Wrona},
title = {Linker, relativizer, nominalizer, tense-particle},
subtitle = {On the {Ezafe in West Iranian}},
booktitle = {Nominalization in {Asian} Languages},
booksubtitle =  {Diachronic and Typological perspectives},
date = {2011},
publisher = {Benjamins},
location = {Amsterdam},
pages = {363--390},
}

@book{HaigAlignment,
 title={Alignment change in {Iranian} languages},
 subtitle = {A construction grammar approach},
  author={Haig, Geoffrey},
  series  = {Empirical approaches to language typology},
  number={37},
  year={2008},
  publisher={Mouton de Gruyter},
  location = {Berlin}
}

@thesis{Haig2004,
author = {Haig, Geoffrey},
title = {Alignment in {Kurdish}},
subtitle = {a diachronic perspective},
type = {Habilitation thesis},
institution = {Christian-Albrechts-Universität zu Kiel},
year = {2004},
OPTtitleaddon = {Habilitationsschrift zur Erlangung der venia legendi für das Fachgebiet Allgemeine Sprachwissenschaft, eingereicht bei der Philosophischen Fakultät der Christian-Albrechts-Universität zu Kiel},
OPTurl = {www.academia.edu/2081233/Alignment_in_Kurdish_a_diachronic_perspective},
}



@book{HakemSorani,
author = {Halkawt Hakem},
title = {Dictionnaire kurde-français (sorani)},
publisher = {L'Asiathèque},
location = {Paris},
year = {2012},
OPTseries = {Dictionnaires INALCO},
}

@book{IzadyKurds,
author = {Mehrdad R. Izady},
title = {The {Kurds}},
subtitle = {A Concise Handbook},
publisher = {Taylor \& Francis},
location = {Washington, D.C.},
year = {1992},
}


@article{KurdoevSlova,
author = {Kurdoev, Kanat Kalashevich},
title = {Numerativnye slova v kurdskom jazyke (Number terms in {Kurdish})},
journal = {Kratkie Soobščenija Inst. Vostok.},
number = {XXII},
location = {Moscow},
year = {1956},
pages = {28--36}
}

@book{MahmoudveysiGawraju,
title = {The {Gorani language of Gawraǰū, a village of West Iran}},
subtitle = {Texts, grammar, and lexicon},
author = {Parwin Mahmudweyssi and Denise Bailey and Ludwig Paul and Geoffrey Haig},
publisher = {Dr. Ludwig Reichert Velag},
location = {Wiesbaden},
series = {Beiträge zur Iranistik},
number = 35,
year = 2012,
}

@inCollection{SchroederAttribution,
author = {Christoph Schroeder},
editor = {Karl Heinz Wagner and Wolfgang Wildgen},
title = {{Attribution im Kurmancî (Nordkurdisch)}},
booktitle = {{Studien zur Phonologie, Grammatik, Sprachphilosophie und
Semiotik}},
date = {1999},
series = {Bremer Linguistisches Kolloquium},
number = {6},
publisher = {Institut für Allgemeine und Angewandte Sprachwissenschaft},
location = {Bremen},
pages = {43--63},
}

@Article{Kahnemuyipour2003,
author={Kahnemuyipour, Arsalan},
title={Syntactic Categories and {Persian} Stress},
journal={Natural Language {\&} Linguistic Theory},
year=2003,
volume=21,
number=2,
pages={333--379},
}

@Article{OpenginHaig2014regional,
author = {Öpengin, Ergin and Haig, Geoffrey},
title = {Regional variation in {Kurmanji}},
subtitle = {A preliminary classification of dialects},
journal = {Kurdish Studies},
year = 2014,
volume = 2,
number = 2,
pages = {143--176},
}

@Article{HaigOpengin2014critical,
author = {Haig, Geoffrey and Öpengin, Ergin},
title = {Kurdish},
subtitle = {A critical research review},
journal = {Kurdish Studies},
year = 2014,
volume = 2,
number = 2,
pages = {99--122},
}


@incollection{HaigOpengin2017structure,
author = {Haig, Geoffrey and Öpengin, Ergin},
title = {{Kurmanji Kurdish in Turkey}},
subtitle = {Structure, varieties and status},
booktitle = {Linguistic Minorities in {Turkey and Turkic} speaking minorities of the peripheries},
editor = {Bulut, Christiane},
year = {2018},
address = {Wiesbaden},
publisher = {Harrassowitz Verlag, to appear},
series = {Turcologica},
number = {111},
}

@incollection{Utas,
author = {Bo Utas},
editor = {Éva Ágnes Csató and Bo Isaksson and Carina Jahani},
title = {{Semitic in Iranian}},
subtitle = {Written, Read, and Spoken Language},
pages = {65--78},
booktitle = {Linguistic Convergence and Areal Diffusion},
booksubtitle = {Case Studies from {Iranian, Semitic and Turkic}},
year = {2005},
publisher = {RoutledgeCurzon},
address = {London and New York},
}
