@Collection{MatrasSakelGrammatical,
title = {Grammatical borrowing in cross-linguistic perspective},
editor = {Yaron Matras and Jeanette Sakel},
publisher = {Mouton de Gruyter},
location = {Berlin},
year = {2007},
series = {Empirical approaches to language typology},
number = 38,
}




@Book{BalayEsmaili,
author = {Christophe Balaÿ and Hossein Esmaïli},
title = {Manuel de Persan},
vol = {1},
subtitle = {Le persan au quotidien},
edition = 3,
series = {Langues Inalco},
publisher = {Langues \& Mondes - L'Asiathèque},
location = {Paris},
year = 2013,
}


@Book{BarkerPossessive,
author = {Barker, Chris},
title = {Possessive Descriptions},
publisher = {CSLI Publications},
year = {1995},
location = {Stanford, CA}
}



@article{baerman2007morphological,
  title={Morphological reversals},
  author={Baerman, M.},
  journal={Journal of linguistics},
  volume={43},
  number={01},
  pages={33--61},
  year={2007},
  publisher={Cambridge University Press}
}

@book{benvenistePLG,
	title={Probl{\`e}mes de linguistique g{\'e}n{\'e}rale},
	author={Benveniste, {\'E}mile.},
	address={Paris},
	year={1966},
	publisher={Gallimard}
}

@book{Bozdemir,
title = {Méthode de Turc},
volume = 1,
author = {Michel Bozdémir},
series = {Langues de L'Asie - INALCO},
publisher = {L'Asiathèque},
location = {Paris},
year = 1991,

}

@collection{LFG08,
title = {Proceedings of {LFG08}},
editor = {Miriam Butt and Tracy Holloway King},
publisher = {CSLI Publications},
location = {Stanford, CA},
year = {2008},
}

@InCollection{BögelButt,
author = {Tina Bögel and Miriam Butt},
title = {Possessive Clitics and {Ezafe in Urdu}},
booktitle = {Morphosyntactic Categories and the Expression of Possession},
publisher = {John Benjamins},
year = {2013},
editor = {Kersti Börjars and David Denison and Alan Scott},
series = {Linguistics Today},
number = {199},
address = {Amsterdam},
pages = {291--322},
}

@InCollection{BögelButtSulger,
author = {Tina Bögel and Miriam Butt and Sebastian Sulger},
title = {{Urdu Ezafe} and the Morpho-logy-Syntax Interface},
crossref = {LFG08},
pages = {129--149},
OPTurl = {http://web.stanford.edu/group/cslipublications/cslipublications/LFG/13/papers/lfg08boegeletal.pdf},

}

@InCollection{BroadwellSuspended,
title = {Turkish Suspended Affixation Is Lexical Sharing},
author = {George Aaron Broadwell},
crossref = {LFG08},
OPTurl = {http:web.stanford.edu/group/cslipublications/cslipublications/LFG/13/papers/lfg08broadwell.pdf},
pages = {198--213},
}


@article{BresnanMchombo,
  title={Topic, pronoun, and agreement in {Chiche{\^w}a}},
  author={Bresnan, J. and Mchombo, S.A.},
  journal={Language},
  pages={741--782},
  year={1987},
  volume={63},
  number={4},
  publisher={Linguistic Society of America},
  eprinttype = {jstor},
  eprint = {415717},
}

@Collection{Canonical,
title = {Canonical morphology and syntax},
editor = {Dunstan Brown and Marina Chumakina and Greville G. Corbett},
publisher = {Oxford University Press},
year = {2013},
address = {Oxford},
}

@inCollection{BrownChumakina,
title = {What there might be and what there is: an introduction to Canonical Typology},
author = {Dunstan Brown and Marina Chumakina},
pages = {1--19},
crossref = {Canonical},
}

@article{cat2005french,
  title={French subject clitics are not agreement markers},
  author={De Cat, Cécile},
  journal={Lingua},
  volume={115},
  number={9},
  pages={1195--1219},
  year={2005},
  publisher={Elsevier}
}




@article{chirikba2008problem,
  title={{The problem of the Caucasian Sprachbund}},
  author={Chirikba, V.A.},
  journal={From linguistic areas to areal linguistics},
  pages={25},
  isbn={9027231001},
  year={2008},
  publisher={John Benjamins Pub Co}
}

@article{christophe2008,
	title = {Bootstrapping lexical and syntactic acquisition},
	volume = {51},
	journal = {Language and Speech},
	author = {Christophe, Anne and Millotte, Séverine and Bernal, Savita and Lidz, Jeff},
	year = {2008},
	pages = {61--75}
}

@Article{Corbett2003,
	author = {Greville G. Corbett},
	title = {Agreement: {The} Range of the Phenomenon and the Principles of the {Surrey} Database of Agreement},
	journal = {Transactions of the Philological Society},
	year = {2003},
	volume = {101},
	number = {2},
	pages = {155--202},
}

@InProceedings{CreisselsConstruct,
author = {Denis Creissels},
title = {Construct forms of nouns in {African} languages},
year = {2009},
editor = {Peter K. Austin and Oliver Bond and Monik Charette and David Nathan and Peter Sells},
booktitle ={{Proceedings of Conference on Language Documentation and Linguistic Theory 2}},
pages = {73--82},
publisher = {SOAS},
address = {London},
OPTurl = {www.hrelp.org/publications/ldlt2/papers/ldlt2_08.pdf},
}

@unpublished{Cristofaro,
author = {Sonia Cristofaro},
title = {Synchronic vs.\ diachronic explanations of typological universals: redefining the role of frequency},
date = {2015},
howpublished = {Paper presented at the conference Diversity linguistics: retrospect and prospect, Max Planck Institute for Evolutionary Anthropology Leipzig, 1–3 May 2015},
url = {http://www.eva.mpg.de/fileadmin/content_files/linguistics/conferences/2015-diversity-linguistics/Cristoforo_handout.pdf},
OPTaddendum = {Paper presented at the conference Diversity linguistics: retrospect and prospect, Max Planck Institute for Evolutionary Anthropology Leipzig, 1–3 May 2015.}
}

@Book{CroftRadical,
author = {William Croft},
title = {Radical Construction Grammar},
subtitle = {Syntactic Theory in Typological Perspective},
year = 2011,
location = {Oxford},
publisher = {Oxford University Press},
}

@Book{Crystal2000LanguageDeath,
author = {David Crystal},
title = {Language Death},
publisher = {Cambridge University Press},
year = {2000},
}

@Book{DixonBasicII,
author = {R. M. W. Dixon},
maintitle = {Basic Linguistic Theory},
volume = 2,
title = {Grammatical Topics},
publisher = {Oxford University Press},
address = {Oxford},
year = {2010},
}

@unpublished{DryerAffix,
author = {Matthew S. Dryer},
title = {Affix as a Comparative Concept},
date = {2015},
howpublished = {Paper presented at the conference Diversity linguistics: retrospect and prospect, Max Planck Institute for Evolutionary Anthropology Leipzig, 1–3 May 2015},
url = {www.eva.mpg.de/fileadmin/content_files/linguistics/conferences/2015-diversity-linguistics/Dryer_handout.pdf}
}

@Book{Ethnologue16ed,
editor = {Lewis, M. Paul},
title = {Ethnologue},
subtitle = {Languages of the World},
publisher = {SIL International},
year = {2009},
address = {Dallas, Tex.},
edition = {Sixteenth edition},
url = {www.ethnologue.com},
}

@Book{Ethnologue17ed,
editor = {Lewis, M. Paul and Gary F. Simons and Charles D. Fennig},
title = {Ethnologue},
subtitle = {Languages of the World},
publisher = {SIL International},
year = {2013},
address = {Dallas, TX},
edition = {Seventeenth  edition},
url = {www.ethnologue.com},
}




@Article{Fairbanks,
author = {Gordon H. Fairbanks},
title = {The Genitive Case, its Nature, Origins and Replacements},
journal = {University of Hawai‘i at Mānoa: Working Papers in Linguistics},
year = {1979},
volume = {11},
number = {2},
pages = {35--43},
location = {Honolulu},
institution = {University of Hawai‘i},
}


@Collection{Fisiak,
title = {Historical Syntax},
editor = {Jacek Fisiak},
series = {Trends in Linguistics: Studies and Monographs},
number = 23,
publisher = {Mouton Publishers},
location = {Berlin},
year = 1984,
}

@book{Frei2000phrases,	
  title={Le livre des deux mille phrases},
  author={Frei, H.},
  volume={40},
  year={1953},
  publisher={Librairie Droz}
}

@inCollection{Gandon,
author = {Ophélie Gandon},
title = {Convergence areas in the {Caucasus--Western Iran} area with respect to relativization strategies},
titleaddon = {18e Rencontres Jeunes Chercheurs en Sciences du Langage, Jun 2015, Paris, France},
booktitle = {Actes des 18e Rencontres Jeunes Chercheurs en Sciences du Langage},
year = {2017},
url = {https://hal-univ-paris3.archives-ouvertes.fr/hal-01495136}
}

@Book{GokselKerslake,
author = {Aslı Göksel and Celia Kerslake},
title = {Turkish},
subtitle = {A Comprehensive Grammar},
series = {Comprehensive Grammars},
publisher = {Routledge},
location = {London},
year = 2005
}

@Book{GoldbergConstructions,
author = {Adele E. Goldberg},
title = {Constructions},
subtitle = {A Construction Grammar Approach to Argument Structure},
publisher = {The University of Chicago Press},
year = {1995},
series = {Cognitive Theory of Language and Culture},
address = {Chicago},
}

@inCollection{GutmanForgetting,
title = {Forgetting Language: {Language} change and language death as cases of forgetting},
author = {Ariel Gutman},
booktitle = {Forgetting: {An} Interdisciplinary Conversation},
editor = {Giovanni Galizia and David Shulman},
series = {Martin Buber Society of Fellows Notebook Series},
publisher = {Magnes Press},
location = {Jerusalem},
year = 2015,
pages = {99--112},
}

@article{GutmanBootstrapping,
title = {Bootstrapping the Syntactic Bootstrapper: {Probabilistic} Labeling of Prosodic Phrases},
author = {Ariel Gutman and Isabelle Dautriche and Benoît Crabbé and Anne Christophe},
journal = {Language Acquisition},
volume = {22},
number = {3},
year = {2015},
pages = {285--309},
}

@InCollection{HaiderZwanziger,
author = {Hubert Haider and Ronald Zwanziger},
title = {Relatively Attributive: {The} \enquote{ezāfe}-construction from {Old Iranian to Modern Persian}},
crossref = {Fisiak},
pages={137--172},
}

@article{HaspelmathArticle,
     title = {Explaining Article-Possessor Complementarity: {Economic} Motivation in Noun Phrase Syntax},
     author = {Haspelmath, Martin},
     journal = {Language},
     volume = {75},
     number = {2},
     pages = {227--243},
     eprint = {417260},
     eprinttype = {jstor},
     year = {1999},
     publisher = {Linguistic Society of America},
     copyright = {Copyright © 1999 Linguistic Society of America},
    }

@article{haspelmath2007pre,
  title={Pre-established categories don't exist: {Consequences} for language description and typology},
  author={Haspelmath, Martin},
  journal={Linguistic Typology},
  volume={11},
  number={1},
  pages={119--132},
  year={2007}
}

@InCollection{HaspelmathFrameworkFree,
  title={Framework-free grammatical theory},
  author={Haspelmath, Martin},
  booktitle={Oxford Handbook of Linguistic Analysis},
  editor={Bernd Heine and Heiko Narrog},
  year={2010},
  publisher = {Oxford University Press},
  address = {Oxford},
  pages = {341--365}
}

@InCollection{HaspelmathClitics,
author = {Haspelmath, Martin},
title = {Defining vs.\ diagnosing linguistic categories},
subtitle = {a case study of clitic phenomena},
booktitle = {How categorical are categories?},
editor = {Błaszczak, Joanna and Klimek-Jankowska, Dorota and Migdalski, Krzysztof},
series = {Studies in Generative Grammar},
number = {122},
publisher = {De Gruyter Mouton},
location = {Berlin},
year = {2015},
}

@Article{HaspelmathComparative,
author = {Haspelmath, Martin},
title = {Comparative concepts and descriptive categories in crosslinguistic studies},
journal = {Lanuage},
year = {2010},
volume = {86},
number = {3},
pages = {663--687},
}

@Article{HaspelmathWord,
author = {Haspelmath, Martin},
title = {The indeterminacy of word segmentation and the nature of morphology and syntax},
journal = {Folia Linguistica},
number = {54},
pages = {31--80},
year = 2011,
}

@article{KabakSuspended,
title = {Turkish suspended affixation},
author = {Bariş Kabak},
journal = {Linguistics},
volume = {45},
number = {2},
pages = {311--347},
year = 2007,
}

@inCollection{Kiral,
title = {Izafet constructions in {Turkic} varieties of {Iran}},
author = {Filiz Kıral},
booktitle = {Turkic Languages in Contact},
editor = {Hendrik Boeschoten and Lars Johanson},
publisher = {Harrassowitz Verlag},
location = {Wiesbaden},
year = 2006,
series = {Turcologica},
number = 61,
pages = {158--165},
}

@article{Klavans,
title = {The Independence of Syntax and Phonology in Cliticization},
author = {Judith L. Klavans},
journal = {Language},
volume = 61,
number = 1,
year = {1985},
}

@misc{LeipzigGlossingRules,
author = {Bernard Comrie and Martin Haspelmath and Balthasar Bickel},
title = {The {Leipzig} Glossing Rules: {Conventions} for interlinear morpheme-by-morpheme glosses\nopunct},
titleaddon = {(revised version of February 2008)},
year = 2008,
url = {http://www.eva.mpg.de/lingua/resources/glossing-rules.php},
}

@Book{LyonsDefinitness,
author = {Christopher Lyons},
title = {Definiteness},
publisher = {Cambridge University Press},
year = {1999},
address = {Cambridge},
series = {Cambridge Textbooks in Linguistics},
}


@article{LahiriPlank,
	title = {Phonological phrasing in {Germanic}: {The} judgement of history, confirmed through experiment},
	volume = {108},
	shorttitle = {Phonological phrasing in Germanic},
	number = {3},
	journal = {Transactions of the Philological Society},
	author = {Lahiri, Aditi and Plank, Frans},
	year = {2010},
	pages = {370--398}
}

@inCollection{LahiriBengali,
	title = {Hierarchical restructuring in the creation of verbal morphology in {Bengali and Germanic}: {Evidence} from phonology}, 
	author = {Aditi Lahiri},
	booktitle = {Analogy, Levelling \& Markedness},
	booksubtitle = {Principles of change in phonology and morphology},
	editor = {Aditi Lahiri},
	publisher = {Mouton de Gruyter},
	location = {Berlin},
	edition = {Second and revised edition},
	pages = {71--123},
	addendum = {First published in 2000},
	year = {2003},
}

@book{LewisGrammar,
	title = {Turkish grammar},
	author = {Lewis, Geoffrey L.},
	publisher = {Clarendon Press},
	location = {Oxford},
	year = {1967},
}

@book{MurelliRelative,
title = {Relative constructions in {European} non-standard varieties},
author = {Adriano Murelli},
location = {Berlin},
publisher = {De Gruyter Mouton},
year = {2011},
series = {Empirical approaches to language typology},
number = {50},
}


@InCollection{NikolaevaSpencer,
author = {Irina Nikolaeva and Andrew Spencer},
title = {Possession and modification -- a perspective from Canonical Typology},
crossref = {Canonical},
pages = {207--238},
}

@book{nichols1992linguistic,
  title={{Linguistic diversity in space and time}},
  author={Nichols, J.},
  isbn={0226580563},
  year={1992},
  publisher={University of Chicago press}
}

@Article{NicholsHead,
author = {Johanna Nichols},
title = {Head-Marking and Dependent-Marking Grammar},
journal = {Language},
year = {1986},
volume = {62},
number = {1},
pages = {56--119},
}

@InCollection{Slobin1977,
author = {Dan I. Slobin},
title = {Language Change in Childhood and in History},
year = {1977},
pages = {185--214},
booktitle = {Language learning and thought},
editor = {John Macnamara},
publisher = {Academic Press},
location = {New York},
series = {Perspectives in Neurolinguistics and Psycholinguistics},
}

@Book{WLG,
author = {Bernd Heine and Tania Kuteva},
title = {World lexicon of grammaticalization},
publisher = {Cambridge University Press},
year = {2002},
}

@Collection{WALS,
editor = {Dryer, Matthew S. and Haspelmath, Martin},
title = {The world atlas of language structures online},
publisher = {Max Planck Institute for Evolutionary Anthropology},
year = {2013},
address = {Leipzig},
url = {http://wals.info},
}


@inCollection{NicholsBickelWals,
  author    = {Nichols, Johanna and Bickel, Balthasar},
  title     = {Locus of Marking in Possessive Noun Phrases},
  url       = {http://wals.info/chapter/24},
  crossref  = {WALS},
}

@inCollection{BickelNicholsWals58,
  author    = {Balthasar Bickel and Johanna Nichols},
  title     = {Obligatory possessive inflection},
  url       = {http://wals.info/chapter/58},
  crossref  = {WALS},
}

@inCollection{GilWals60,
  author    = {Gil, David},
  title     = {Genitives, Adjectives and Relative Clauses},
  url       = {http://wals.info/chapter/60},
  crossref  = {WALS},
}

@inCollection{DryerWALS86,
  author    = {Matthew S. Dryer},
  title     = {Order of Genitive and Noun},
  url       = {http://wals.info/chapter/86},
  crossref  = {WALS},
}

@inCollection{DryerWALS87,
  author    = {Matthew S. Dryer},
  title     = {Order of Adjective and Noun},
  url       = {http://wals.info/chapter/87},
  crossref  = {WALS},
}

@inCollection{DryerWALS90,
  author    = {Matthew S. Dryer},
  title     = {Order of Relative Clause and Noun},
  url       = {http://wals.info/chapter/90},
  crossref  = {WALS},
}

@inCollection{TammWALS62,
  author    = {Maria Koptjevskaja-Tamm},
  title     = {Action Nominal Constructions},
  url       = {http://wals.info/chapter/62},
  crossref  = {WALS},
}


@incollection{Samiian1994,
	title={The {Ezafe} construction: Some implications for the theory of {X-bar} syntax},
	author = {Samiian, Vida},
	booktitle = {Persian studies in {North America}},
	booksubtitle = {Studies in Honor of {Mohammad Ali Jazayery}},
	editor = {Mehdi Marashi},
	location = {Bethesda, MD},
	publisher = {Iranbooks},
	pages = {17--41},
	year = {1994},
}

@Book{SamvelianComplex,
author = {Pollet Samvelian},
title = {Grammaire des prédicats complexes},
subtitle = {les constructions nom-verbe},
publisher = {Lavoisier},
location = {Paris},
year = 2012,
}

@Article{SamvelianEnclitique,
author = {Pollet Samvelian},
title = {L'enclitique -i introducteur de relative en persan : Déterminant, allomorphe de l'ezāfe, ou autre chose encore?},
journal = {Studia Iranica},
year = {2006},
volume = {35},
pages = {7--34},
}


@Article{SamvelianEzafe,
author = {Pollet Samvelian},
title = {A (phrasal) affix analysis of the {Persian Ezafe}},
journal = {Journal of Linguistics},
year = {2007},
number = {43},
pages = {605--645},
}



@InCollection{SpencerLuisCanonical,
author = {Andrew Spencer and Ana Luís},
title = {The canonical clitic},
crossref = {Canonical},
pages = {123--150},
}

@Article{Lehmann1973,
author = {W. P. Lehmann},
title = {A Structural Principle of Language and Its Implications},
journal = {Language},
year = {1973},
volume = {49},
number = {1},
pages = {47--66},
OPTurl = {www.jstor.org/stable/412102},
}


@Book{Labov2012Principles,
author = {William Labov},
maintitle = {Principles of Linguistic Change},
title={Cognitive and Cultural Factors},
publisher = {Wiley-Blackwell},
year = {2012},
volume = {3},
number = {39},
series = {Language in Society},
}

@book{klein1971comprehensive,
  title={A comprehensive etymological dictionary of the {English} language},
  titleaddon={Dealing with the origin of words and their sense development thus illustrating the history of civilization and culture},
  author={Klein, Ernst},
  year={1971},
  publisher={Elsevier Pub. Co.}
}

@book{steiner1998language,
  title={Language and Silence},
  subtitle={Essays on Language, Literature, and the Inhuman},
  author={Steiner, George},
  year={1998},
  publisher={Yale University Press}
}

@book{campbell2004historical,
  title={Historical Linguistics},
  subtitle={An Introduction},
  author={Campbell, Lyle},
  edition={2},
  year={2004},
  publisher={Edinburgh University Press}
}

@InCollection{Grenoble2011,
crossref={HEL},
author = {Lenore A. Grenoble},
title = {Language ecology and endangerment},
chapter = {2},
pages={27-44},
year=2011
}

@InCollection{GrinevaldBert,
crossref={HEL},
author = {Collete Grinevald and Michel Bert},
title = {Speakers and communities},
chapter = 3,
pages = {45-67},
year=2011
}

@InCollection{Conathan2011,
crossref={HEL},
title={Archiving and language documentation},
author={Lisa Conathan},
chapter={12},
pages={235-254},
year=2011
}

@InCollection{Nathan2011,
crossref={HEL},
title={Digital Archiving},
author={David Nathan},
chapter=13,
pages={255-274},
year=2011
}

@InCollection{Wurm2003,
crossref={janse2003language},
title={The language situation and language endangerment in the {Greater Pacific} area},
author={Stephen A. Wurm},
pages={49-80},
year=2003
}

@Article{Daniszewski1997,
author = {John Daniszewski},
title = {Syrian Tries to Resurrect Language Spoken by {Jesus}},
journal = {Los Angeles Times},
year = {1997},
month = 3,
day = 29,
OPTurl = {articles.latimes.com/1997-03-29/news/mn-43272_1_arabic-language}
}

@Article{DailyStar2013,
author = {{The Daily Star}},
title = {Regime claims ambush of dozens of rebels near {Maaloula}},
journal = {The Daily Star},
year = {2013},
month = 12,
day = 28,
pages = {10},
OPTurl={www.dailystar.com.lb/News/Middle-East/2013/Dec-28/242512-regime-claims-ambush-of-dozens-of-rebels-near-maaloula.ashx#ixzz2pj0wIpQT}
}



@collection{janse2003language,
  title={Language Death and Language Maintenance: Theoretical, Practical and Descriptive Approaches},
  editor={Janse, Mark and Tol, Sijmen},
  series={Amsterdam studies in the theory and history of linguistic science: Current issues in linguistic theory},
   year={2003},
  publisher={John Benjamins Pub.},
}



@collection{HEL,
  title={The {Cambridge} Handbook of Endangered Languages},
  editor={Austin, Peter K. and Sallabank, Julia},
  series={Cambridge Handbooks in Language and Linguistics},
  year={2011},
  publisher={Cambridge University Press},
}

@Book{BeckerGrammar,
author = {Karl Ferdinand Becker},
title = {A Grammar of the {German} Language},
publisher = {John Murray, Albemarle Street},
year = {1830},
address = {London},
OPTurl = {books.google.de/books?id=W-eGe6Ozn-gC}
}


@Collection{DoubleCase,
editor = {Frans Plank},
title = {Double Case},
subtitle = {Agreement by Suffixaufnahme},
publisher = {Oxford University Press},
year = {1995},
address = {New York},
}



@inCollection{PlankIntro,
crossref={DoubleCase},
title = {{(Re-)}Introducing Suffixaufnahme},
author = {Frans Plank},
pages = {3-110},
}

@Unpublished{PlankSuffixaufnahme2012,
author = {Frans Plank},
title = {Suffixaufnahme},
subtitle = {Dix-sept ans après},
note = {Paper presented at Konst-anz--Essex--JNU New Delhi Genitive Workshop, Konstanz, 11-13 October 2012.},
year = {2012},
url={http://ling.uni-konstanz.de/pages/home/plank/for_download/presentations_2/32_FP_Suffixaufnahme_x2012.pdf}
}

@Misc{PlankTamm,
author = {Frans Plank and Maria Koptjevskaja-Tamm},
title = {Kinds of adnominals: adjectives, nouns, and in between},
howpublished = {manuscript of a presentation},
}


@Misc{Joy2009,
author = {Joy Ruff},
title = {Locus and Linkers},
year = {2009},
url={www.langsci.ucl.ac.uk/linguistics/reading_groups/syntax/left.doc}
}

@inCollection{SakelTypes,
author = {Jeanette Sakel},
title = {Types of loan: Matter and pattern},
pages = {15--30},
crossref = {MatrasSakelGrammatical},
}

@Collection{ShopenTypology,
editor = {Timothy Shopen},
maintitle = {Language Typology and Syntactic Description},
title = {Grammatical Categories and the Lexicon},
year = {2007},
publisher = {Cambridge University Press},
address = {Cambridge},
edition = 2,
OPTvolumes = 3,
volume = 3,
}

@InCollection{ComrieThompson,
author = {Bernard Comrie and Sandra A. Thompson},
title = {Lexical nominalization},
crossref = {ShopenTypology},
pages = {334--381}
}

@Article{Acuna-Farina1999,
author = {Acuña-Fariña, Juan Carlos},
title = {On apposition},
journal = {English Language and Linguistics},
year = {1999},
volume = {3},
pages = {59--81},
}

@Book{JespersenPhilosophy,
author = {Otto Jespersen},
title = {The Philosophy of Grammar},
subtitle = {With a new Introduction and Index by {James D. McCawley}},
publisher = {The University of Chicago Press},
year = {1992 [1924]},
address = {Chicago},
}

@Collection{Eurotyp20-7,
editor = {Frans Plank},
title = {Noun Phrase Structure in the Languages of {Europe}},
publisher = {Mouton de Gruyter},
year = {2003},
number = {Eurotyp 20(7)},
series = {Empirical Approaches to Language Typology},
address = {Berlin},
}



@InCollection{Tamm2003Possessive,
author = {Maria Koptjevskaja-Tamm},
title = {Possessive noun phrases in the languages of {Europe}},
crossref = {Eurotyp20-7},
pages = {621--722},
}

@article{MatrasSakel,
author = {Yaron Matras and Jeanette Sakel},
title = {Investigating the mechanisms of pattern replication in language convergence},
journaltitle = {Studies in Language},
date = {2007},
volume = {31},
number = {4},
pages = {829--865},
}

@book{ZwickyClitics,
author = {Zwicky, Arnold M.},
title = {On Clitics},
publisher = {Indiana University Linguistics Club},
location = {Bloomington, IN},
year = {1977},
}

@article{ZwickySupressing,
author = {Zwicky, Arnold M.},
title = {Supressing the {Z's}},
journal = {Journal of Linguistics},
volume = 23,
number = 1,
pages = {133--148},
year = 1987,
}

@article{ZwickyPullum,
author = {Zwicky, Arnold M. and Geoffrey K. Pullum},
title = {Cliticization vs. inflection: {English} \textit{n't}},
journal = {Language},
volume = 59,
pages = {502--513},
year = 1983,
}

@book{Miller,
title = {Clitics and constituents in phrase structure grammar},
author = {Miller, Philip H.},
publisher = {Garland},
location = {New York},
year = 1992,
}

@thesis{Riester,
author = {Arndt Riester},
title = {A Cross-Linguistic Perspective on Attributive Possession},
type = {master thesis},
institution = {Amsterdam: Universiteit van Amsterdam},
date = {2001},
}


@InCollection{UltanPossession,
author = {Russel Ultan},
title = {Toward a Typology of Substantival Possession},
maintitle = {Universals of Human Language},
volume = 4,
booktitle = {Syntax},
publisher = {Standford University Press},
address = {Standford, CA},
editor = {Joseph H. Greenberg},
pages = {11--50},
year = 1978
}

@book{Browning,
author = {Robert Browning},
title = {Men and Women},
year = {1856},
publisher = {Ticknor and Fields},
location = {Boston},
OPTurl = {books.google.de/books?id=CLAiAAAAMAAJ},
}

@book{Riessler,
author = {Michael Rießler},
title = {Adjective attribution},
year = {2016},
address = {Berlin},
series = {Studies in Diversity Linguistics},
number = {2},
publisher = {Language Science Press},
}
