@string{AUDIO = {\textsc{Audio: }}}



% Include Semitic.bib in order to have Goldenberg's and Hetzron's collections	
% Till here collections of Articles




@InCollection{AlichoranSibille,
author = {Joseph Alichoran and Jean Sibille},
title = {L'araméen},
booktitle = {Histoire sociale des langues de {France}},
pages = {869--875},
publisher = {Presses universitaires de Rennes},
year = {2013},
editor = {Georg Kremnitz},
note = {\textit{(Edité) avec le concours de Fañch Broudic et du collectif HSLF}},
}


@Unpublished{OzHandout,
author = {Oz Aloni},
title = {Towards a Corpus of {Jewish Zakho}},
note = {Handout distributed in the Cambridge {Neo-Aramaic} Conference July 2011.},
year = {2011},
}


@Book{Avineri,
author = {Avinery, Iddo},
title = {\texthebrew{הניב הארמי של יהודי זאכו} [{T}he {Aramaic} Dialect of the {Jews of Zākhō}]},
publisher = {The Israel Academy of the Sciences and Humanities},
year = {1988},
address = {Jerusalem},
note = {In Hebrew},
}

@Book{BenRahamim,
author = {Yosef Ben-Rahamim},
title = {\texthebrew{שפה אחת ודברים אחדים} [{O}ne Language and One Speech]},
subtitle = {\texthebrew{טקסטים בארמית מזרחית חדשה - להגי אורמיא ונע'דא} [{T}exts in the {Jewish Neo-Aramaic} Dialect of {Azerbaijan (Urmia and Naġda)}]},
publisher = {Ben-Zvi Institute},
location = {Jerusalem},
year = 2006,
}

@inCollection{BorgheroContinuous,
author = {Roberta Borghero},
title = {The Present Continuous in the {Neo-Aramaic} Dialect of {ʿAnkawa} and its Areal and Typological Parallels},
pages = {187--206},
crossref = {KhanNapiorkowska},
}

@article{BorgheroGrammaticalization,
author = {Roberta Borghero},
title = {Aspects of Grammaticalization in {North Eastern Neo-Aramaic}},
journal = {Annali dell’Istituto Orientale di Napoli},
volume = 73,
year = 2013,
pages ={67--89},

}

@article{ChyetInfluence,
author = {Michael L. Chyet},
title = {{Neo-Aramaic and Kurdish}},
subtitle = {An Interdisciplinary Consideration of Their Influence on Each Other},
journal = {Israel Oriental Studies},
volume = {XV},
issuetitle = {Language and Culture in the {Near East}},
OPTeditor = {Shlomo Izre'el and Rina Drory},
pages = {219--252},
year = {1995},
}

@inCollection{ChyetLoanwords,
author = {Michael L. Chyet},
title = {A Preliminary List of {Aramaic} Loanwords in {Kurdish}},
pages = {283--300},
booktitle = {Humanism, Culture, and Language in the {Near East}},
booksubtitle = {Studies in Honor of {Georg Krotkoff}},
editor = {Asma Afsaruddin and A. H. Mathias Zahniser},
publisher = {Eisenbrauns},
location = {Winona Lake, IN},
year = {1997},
}


@PhdThesis{CoghillAlqosh,
author = {Eleanor Coghill},
title = {The {Neo-Aramaic} dialect of {Alqosh}},
school = {University of Cambridge},
year = {2003},
}

@inCollection{CoghillChange,
author = {Eleanor Coghill},
title = {{North-Eastern Neo-Aramaic} and Language Contact},
booktitle = {The {Oxford} Handbook of Language Contact},
editor = {Anthony Grant},
year = {2018},
publisher = {Oxford University Press, to appear},
location = {Oxford},
}

@article{CoghillDOM,
author = {Eleanor Coghill},
title = {Differential Object Marking in {Neo-Aramaic}},
journal = {Linguistics},
volume = 52,
number = 2,
pages = {335--364},
year = 2014,
}


@inCollection{CoghillNotable,
author = {Eleanor Coghill},
title = {Some Notable Features in {North-Eastern {Neo-Aramaic}} Dialects of {Iraq}},
crossref = {KhanStudies},
pages = {91--104},
}

@Book{CoghillRise,
author = {Eleanor Coghill},
title = {The Rise and Fall or Ergativity in {Neo-Aramaic}},
subtitle = {Cycles of Alignment Change},
publisher = {Oxford University Press},
location = {Oxford},
year = {2016},
}



@Article{CohenCopula,
author = {Eran Cohen},
title = {The Copular Clause in {Jewish {Zakho} Neo-Aramaic}},
journal = {Journal of Semitic Studies},
year = {2008},
volume = {53},
number = {1},
pages = {43--68},
}



@InProceedings{CohenNucleus,
author = {Eran Cohen},
title = {Marking nucleus and attribute in {North-Eastern  Neo-Aramaic}},
booktitle = {Proceeding of the {VIII Afro-Asiatic Congress (September 2008, Naples)}},
pages = {79--94},
year = {2010},
number = {VII},
series = {Studi Maghrebini (Nuova Serie)},
}

@Book{CohenZakho,
author = {Eran Cohen},
title = {The Syntax of {Neo-Aramaic}: The {Jewish} Dialect of {Zakho}},
publisher = {Gorgias Press},
year = {2012},
series = {Gorgias {Neo-Aramaic} Studies},
number = {13},
address = {Piscataway, NJ},
}

@inCollection{CohenEzafe,
author = {Eran Cohen},
title = {Head-Marking in {Neo-Aramaic} Genitive Constructions and the \textit{ezafe} Construction in {Kurdish}},
booktitle = {Semitic Languages in Contact},
editor = {Aaron M. Butts},
series = {Studies in Semitic Languages and Linguistics},
publisher = {Brill},
location = {Leiden},
number = 82,
year = {2015},
pages = {114--125},
}

@Unpublished{CohenDetermination,
author = {Eran Cohen},
title = {The Determination System in the dialect of {Jewish {Zakho}}},
note = {To appear in a \textit{Festschrift} for Ariel Shisha-Halevy},
year = {2018},
}


@Unpublished{DoronKhan,
	author = {Edit Doron and Geoffrey Khan},
	title = {The Typology of Morphological Ergativity
	in {Neo-Aramaic}},
	url = {pluto.huji.ac.il/~edit/edit/Bilbao%20paper%20Lingua.4.pdf},
	year = {2010},
}

@book{FassbergChalla,
author = {Steven E. Fassberg},
title = {The {Jewish} {Neo-Aramaic} Dialect of {Challa}},
date = {2010},
series = {Studies in Semitic Languages and
Linguistics},
number = {54},
publisher = {Brill},
location = {Leiden},
}


@InCollection{FoxClitics,
	author = {Fox, Samuel E.},
	title = {Cliticization in {Neo-Aramaic}},
	crossref = {HeinrichsNA},
	pages = {69--78},
}


@article{fox1994relationships,
  title={The relationships of the Eastern {Neo-Aramaic} dialects},
  author={Fox, Samuel E.},
  journal={Journal of the American Oriental Society},
  pages={154--162},
  year={1994},
}

@book{FoxJilu,
  title={The {Neo-Aramaic} dialect of {Jilu}},
  author={Fox, Samuel E.},
  number={16},
  series={Semitica Viva},
  year={1997},
  publisher={Otto Harrassowitz Verlag},
  location = {Wiesbaden},
}

@Book{FoxBohtan,
author = {Fox, Samuel E.},
title = {The {Neo-Aramaic} Dialect of {Bohtan}},
publisher = {Gorgias Press},
year = {2009},
number = {9},
series = {Gorgias {Neo-Aramaic} Studies},
address = {Piscataway, NJ},
}


@article{Garbell1965impact,
	title={The Impact of {Kurdish and Turkish} on the {Jewish} {Neo-Aramaic} Dialect of {Persian Azerbaijan} and the Adjoining Regions},
	author={Garbell, Irene},
	journal={Journal of the American Oriental Society},
	pages={159--177},
	year={1965},
	volume={85},
	number={2}
}

@Book{GarbellUrmi,
author = {Garbell, Irene},
title = {The {Jewish} {Neo-Aramaic} Dialect of {Persian Azerbaijan}},
subtitle = {Linguistic analysis and folkloristic texts},
publisher = {Mouton \& Co.},
year = {1965},
number = {3},
series = {Janua linguarum, Series practica},
address = {The Hague},
}



@Article{Goldenberg1993review,
author = {Gideon Goldenberg},
title = {Review of \emph{Der neuaramäische Dialekt von Hertevin (Provinz Siirt)}},
note = {\citep{JastrowHertevin}},
journal = {Journal of Semitic Studies},
year = {1993},
volume = {38},
pages = {295--308},
annote = {Reprinted in \cite[630--643]{GoldenbergStudies}},
}

@article{GoldenbergEarly,
author = {Gideon Goldenberg},
title = {Early {Neo-Aramaic} and Present-Day Dialectal Diversity},
journaltitle = {Journal of Semitic Studies},
date = {2000},
volume = {45},
number = {1},
pages = {69--89},
relatedstring = {Reprinted\nopunct},
related = {GoldenbergEarlyReprint},
OPTaddendum =  {Reprinted in \citet[235--252]{GoldenbergFurther}},
}

@inBook{GoldenbergEarlyReprint,
crossref={GoldenbergFurther},
pages={235--252}
}

@book{GreenblattAmidya,
author = {Jared Greenblatt},
title = {The {Jewish} {Neo-Aramaic} Dialect of Amədya},
date = {2011},
series = {Studies in Semitic Languages and Linguistics},
number = {61},
publisher = {Brill},
location = {Leiden},
}

@misc{GutmanCompounds,
author = {Ariel Gutman},
title = {Construct State Constructions in {Neo-Aramaic}: Are These Compounds?},
year = {2014},
url = {http://www.academia.edu/7804086/Construct_State_Constructions_in_Neo-Aramaic_Are_These_Compounds},
note = {Presentation given at the International Conference on the Cross-linguistic Comparison of Indo-Germanic and Semitic Languages, University of Konstanz, 21--23 July 2014}, 
}


@inCollection{GutmanContact,
author = {Gutman, Ariel},
title = {Can pattern replication be easily established?  The case of the {Neo-Aramaic} {Neo-Construct}},
titleaddon = {18e Rencontres Jeunes Chercheurs en Sciences du Langage, Jun 2015, Paris, France},
booktitle = {Actes des 18e Rencontres Jeunes Chercheurs en Sciences du Langage},
year = {2017},
url = {https://hal-univ-paris3.archives-ouvertes.fr/hal-01495125}
}

@incollection{GutmanGaznax,
author = {Gutman, Ariel},
title = {Some Features of the {Gaznax} Dialect ({South-East Turkey})},
pages = {305--321},
crossref = {KhanNapiorkowska},
}


@Article{GutmanReexamination,
author = {Gutman, Ariel},
title = {Reexamination of the Bare Preterite Base in the {Jewish} {Neo-Aramaic} Dialect of {Zakho}},
journal = {Aramaic Studies},
volume = 6,
number = 1,
year = 2008,
pages = {59--84},

}

@inCollection{HeinrichsSenaya,
author = {Heinrichs, Wolfhart},
title = {Peculiarities of the Verbal System of Senāya within the Framework of North Eastern {Neo-Aramaic} (NENA)},
pages = {237--268},
crossref = {jastrow2002sprich},
}

@article{Hoberman1988history,
	title={The history of the {Modern Aramaic} pronouns and pronominal suffixes},
	author={Robert D. Hoberman},
	journal={Journal of the American Oriental Society},
	volume = 108,
	number = 4,
	pages={557--575},
	year={1988},
	eprinttype = {jstor},
	eprint = {603145},
	
	
}

@Book{HobermanVerb,
author = {Robert D. Hoberman},
title = {The Syntax and Semantics of Verb Morphology in Modern Aramaic: A {Jewish} dialect of Iraqi Kurdistan},
publisher = {American Oriental Society},
year = {1989},
address = {New Haven, Connecticut},
}

@inCollection{HobermanZakho,
author = {Robert D. Hoberman},
title = {Chaldean Aramaic of {Zakho}},
pages = {115--126},
booktitle = {Semitica},
booksubtitle = {Serta philologica Constantino Tsereteli dicata},
editor = {Riccardo Contini and Fabrizio A. Pennacchietti and Mauro Tosco},
publisher = {Silvio Zamorani Editore},
location = {Torino},
year = 1993,
}


@InCollection{HobermanPronouns,
	author = {Robert D. Hoberman},
	title = {Reconstructing Pre-Modern {Aramaic} Morphology: The Independent Pronouns},
	crossref = {HeinrichsNA},
	pages = {79--88},
}

@Article{Jastrow1971,
author = {Jastrow, Otto},
title = {Ein neuaramäischer {Dialekt} aus dem {Vilayet Siirt} ({Ostanatolien})},
journal = {Zeitschrift der Deutschen Morgenländischen Gesellschaft},
year = {1971},
volume = {121},
pages = {215--222},
}

@book{JastrowHertevin,
  title={Der neuaramäische {Dialekt} von {Hertevin} ({Provinz Siirt})},
  author={Jastrow, Otto},
  series={Semitica Viva},
  number={3},
  year={1988},
  publisher={Otto Harrassowitz Verlag},
  address={Wiesbaden},
  addendum = AUDIO#{\url{www.semarch.uni-hd.de/tondokumente.php43?ORT_ID=27}}
}

@book{JastrowLehrbuch,
author={Jastrow, Otto},
title = {Lehrbuch der {Ṭuroyo-Sprache}},
publisher = {Harrassowitz Verlag},
location = {Wiesbaden},
year = 2002,
series = {Semitica Viva - Series Didactica},
number = 2,
}

@incollection{JastrowDetermination,
author={Jastrow, Otto},
title = {Der bestimmte {Artikel} im {Aramäischen}},
subtitle = {ein {Blick} auf 3000 {Jahre} {Sprachgeschichte}},
booktitle = {{Studia Semitica et Semitohamitica}},
booksubtitle = {{Festschrift für Rainer Voigt anläßlich seines 60. Geburtstages am 17. Januar 2004}},
editor = {Bogdan Burtea and Josef Tropper and Helen Younansardaroud},
series = {Alter Orient und Altes Testament},
number = 317,
year = 2005,
publisher = {Ugarit Verlag},
location = {Münster},

}
@book{JastrowMidin,
title = {Laut- und {Formenlehre} des neuaramaeischen {Dialekts} von {Mīdin} im {Ṭūr ʿAbdīn}},
edition = {3. ergänzte Auflage},
author={Jastrow, Otto},
publisher = {Otto Harrassowitz},
address={Wiesbaden},
year = {1985},
}

@misc{NenaDatabase,
	editor = {Khan, Geoffrey},
	shorthand = {Khan, ed.},
	title = {The North Eastern {Neo-Aramaic} Database Project},
	url = {http://nena.caret.cam.ac.uk},
	publisher = {University of Cambridge},
	OPTaddendum = {Curated at the University of Cambridge},	
}

@book{KhanArbel,
	title={A grammar of {Neo-Aramaic}},
	subtitle= {The dialect of the {Jews} of {Arbel}},
	author={Khan, Geoffrey},
	year={1999},
	publisher={Brill},
	location = {Leiden},
	series = {Handbook of Oriental Studies},
	number = {I-47},
	addendum = AUDIO#{\url{www.semarch.uni-hd.de/dokumentgruppen.php43?ST_ID=5&DT_ID=124}}
}

@MvBook{KhanBarwar,
	author = {Geoffrey Khan},
	title = {The {Neo-Aramaic} Dialect of Barwar},
	publisher = {Brill},
	address={Leiden},
	year = {2008},
	series = {Handbook of Oriental Studies},
	number = {I-96},
	volumes = {3},
}

@inCollection{KhanDefinitness,
author = {Geoffrey Khan},
title = {The Expression of Definiteness in {North-Eastern} {Neo-Aramaic} Dialects},
pages = {287--304},
booktitle = {Aramaic in its Historical and Linguistic Setting},
editor = {Holger Gzella and Margaretha L. Folmer},
publisher = {Harrassowitz Verlag},
location = {Wiesbaden},
year = 2008,
series = {Veröffentlichungen der Orientalischen Kommisssion der Akademie Mainz},
number = 50,
}

@article{KhanGenitive,
author = {Geoffrey Khan},
title = {The Genitive and Relative Clauses in the {North-Eastern {Neo-Aramaic}} Dialects},
crossref = {WatsonResto2009},
pages = {69--87}
}

@inCollection{KhanGrammatical,
author = {Geoffrey Khan},
title = {Grammatical borrowing in {North-Eastern} {Neo-Aramaic}},
crossref = {MatrasSakelGrammatical},
pages = {197--214},
}

@book{KhanQaraqosh,
  title={The {Neo-Aramaic} Dialect of {Qaraqosh}},
  author={Khan, Geoffrey},
  series={Studies in Semitic languages and linguistics},
  number={36},
  year={2002},
  publisher={Brill},
  address={Leiden},
  addendum = AUDIO#{\url{www.semarch.uni-hd.de/tondokumente.php43?ORT_ID=137}}
}

@inCollection{KhanRustaqa,
title = {The {Neo-Aramaic} Dialect of the {Jews} of {Rustaqa}},
author = {Khan, Geoffrey},
crossref = {jastrow2002sprich},
pages = {395--410},
}

@book{KhanSulemaniyya,
author = {Geoffrey Khan},
title = {The {Jewish} {Neo-Aramaic} Dialect of {Sulemaniyya and Ḥalabja}},
date = {2004},
series = {Studies in Semitic Languages and Linguistics},
number = {44},
publisher = {Brill},
location = {Leiden},
addendum = AUDIO#{\url{www.semarch.uni-hd.de/tondokumente.php43?ORT_ID=138}}
}

@Book{KhanSanandaj,
	author = {Geoffrey Khan},
	title = {The {Jewish} {Neo-Aramaic} Dialect of {Sanandaj}},
	publisher = {Gorgias Press},
	year = {2009},
	series = {Gorgias {Neo-Aramaic} Studies},
	number = {10},
	address = {Piscataway, NJ},
}



@Book{KhanUrmi,
	author = {Geoffrey Khan},
	title = {The {Jewish} {Neo-Aramaic} Dialect of {Urmi}},
	publisher = {Gorgias Press},
	year = {2008},
	number = {2},
	series = {Gorgias {Neo-Aramaic} Studies},
	address = {Piscataway, NJ},
}

@article{KimStammbaum,
	author = {Ronald Kim},
	title = {\enquote{Stammbaum} or Continuum? The Subgrouping of Modern Aramaic Dialects Reconsidered},
	journal = {Journal of the American Oriental Society},
	volume = 128,
	number = 3,
	pages = {505--531},
	year={2008},
		eprinttype = {jstor},
		eprint = {25608409},
}


@book{KrotkoffAradhin,
author = {Georg Krotkoff},
title = {A {Neo-Aramaic} Dialect of {Kurdistan}},
subtitle = {Texts, Grammar and Vocabulary},
publisher = {American Oriental Society},
location = {New Haven, CT},
year = {1982},
series = {American Oriental Series},
number = 64,
note = {[A description of C. Aradhin dialect]},
addendum = AUDIO#{\url{www.semarch.uni-hd.de/tondokumente.php43?ORT_ID=59}}
}

@Book{MacleanGrammar,
author = {Maclean, Arthur John},
title = {Grammar of the Dialects of Vernacular {Syriac}},
subtitle = {As spoken by the {Eastern Syrians} of {Kurdistan, North-West Persia, and The Plain of Mosul}, with notices of the vernacular of the {Jews of Azerbaijan and of Zakhu near Mosul}},
publisher = {Cambridge University Press},
year = {1895},
}

@misc{McPhersonCaldani,
author = {Laura McPherson and Paul Caldani},
title = {Leshaan Senaaye: The Senaya Language},
url = {http://www.senaya.org},
year = 2013
}

@Book{Marogulov,
author = {Marogulov, Konstantin I.},
title = {Grammaire Néo-Syriaque pour écoles d'adultes (dialecte d'{Urmia})},
series = {\textit{\textfrench{Comptes rendus de g.l.e.c.s, Supplément}}},
number = {5},
publisher = {Geuthner},
location = {Paris},
year = 1976,
translator = {Olga Kapeliuk},
origlanguage = {NENA},
origdate = {1935},
origtitle = {Grammatiqij qə mədrəsi d gurь},
origlocation = {Moscow},
addendum = {Original title: \textit{Grammatiqij qə mədrəsi d gurь}, Moscow, 1935},
}

@incollection{MengozziExtended,
author = {Alessandro Mengozzi},
title = {Extended Prepositions in {Neo-Aramaic}, {Kurdish and Italian}},
crossref = {MengozziStudi},
pages = {371--390},
}

@book{MengozziPoetry2002,
editor = {Alessandro Mengozzi},
title = {{Israel of Alqosh and Joseph of Telkepe}, A Story in a Truthful Language},
subtitle = {Religious Poems in Vernacular {Syriac} ({North Iraq}, 17th Century)},
volume = {I: Text and Glossary},
series = {Corpus Scriptorum Christianorum Orientalium},
number = {589},
publisher = {Peeters},
location = {Louvain},
year = {2002},
}

@book{MengozziPoetry2011,
editor = {Alessandro Mengozzi},
title = {Religious Poetry in Vernacular {Syriac} from {Northern Iraq} (17th-20th Centuries)},
vols = 2,
series = {Corpus Scriptorum Christianorum Orientalium},
number = {627--628},
publisher = {Peeters},
location = {Louvain},
year = 2011,
}



@Book{MurreUrmi,
	author = {Murre-van den Berg, Helene L.},
	title = {From a Spoken to a Written Language},
	subtitle = {The Introduction and Development of Literary {Urmia Aramaic} in the Nineteenth Century},
	publisher = {Nederlands Instituut voor het Nabije Oosten},
	location = {Leiden},
	series = {Publication of the \enquote{De Goeje Fund}},
	number = {No.\ XXVIII},	
	year = {1999},
	addendum = {Extended version of her doctoral thesis from 1995},
	OPTschool = {Leiden University},
	OPTyear = {1995},
}

@inCollection{MutzafiAradhin,
	title = {On the {Jewish Neo-Aramaic} Dialect of {Aradhin} and its Dialectal Affinities},
	author={Mutzafi, Hezy},
	crossref = {jastrow2002sprich},
	pages = {479--488},
}

@article{MutzafiBarzani,
	title={Two texts in {Barzani} {Jewish} {Neo-Aramaic}},
	author={Mutzafi, Hezy},
	journal={Bulletin of the School of Oriental and African Studies},
	volume={67},
	number={01},
	pages={1--13},
	year={2004},
	publisher={Cambridge University Press},
	addendum = AUDIO#{\url{www.semarch.uni-hd.de/tondokumente.php43?&GR_ID=&ORT_ID=115&DOK_ID=1437}.},
}

@article{MutzafiBarzani2002,
author={Mutzafi, Hezy},
title = {{Barzani} {Jewish} {Neo-Aramaic} and its dialects},
journal = {Mediterranean Language Review},
volume = 14,
year = 2002,
pages = {41--70},
}

@article{MutzafiBaz,
title = {The {Neo-Aramaic} Dialect of {Maha Khtaya d-Baz}},
subtitle = {Phonology, Morphology and Texts},
author={Mutzafi, Hezy},
journal = {Journal of Semitic Studies},
volume = {XLV},
number = 2,
year = 2000,
pages = {293--322}
}

@Book{MutzafiBetanure,
author={Mutzafi, Hezy},
title = {The {Jewish} {Neo-Aramaic} Dialect of {Betanure} (Province of {Dihok})},
year = 2008,
publisher = {Harrassowitz Verlag},
location = {Wiesbaden},
series = {Semitica Viva},
number = 43,
addendum = AUDIO#{\url{www.semarch.uni-hd.de/tondokumente.php43?ORT_ID=159}.},

}

@Book{MutzafiKoySanjaq,
author={Mutzafi, Hezy},
title = {The {Jewish} {Neo-Aramaic} Dialect of {Koy Sanjaq} ({Iraqi Kurdistan})},
year = 2004,
publisher = {Harrassowitz Verlag},
location = {Wiesbaden},
series = {Semitica Viva},
number = 32,
addendum = AUDIO#{\url{www.semarch.uni-hd.de/tondokumente.php43?ORT_ID=71}.},
}

@incollection{MutzafiSalamas,
author={Mutzafi, Hezy},
title = {{Christian Salamas} and {Jewish Salamas}},
subtitle = {Two Separate Types of {Neo-Aramaic}},
crossref={KhanNapiorkowska},
pages = {289--304},
}

@Article{MutzafiTransZab,
	author = {Mutzafi, Hezy},
	title = {{Trans-Zab {Jewish} {Neo-Aramaic}}},
	journal = {Bulletin of SOAS},
	year = {2008},
	pages = {409--431},
	  volume={71},
	  number={3},
	  publisher={Cambridge University Press}
}

@book{NapiorkowskaDiyana,
author = {Lidia Napiorkowska},
title = {A Grammar of the {Christian Neo-Aramaic} Dialect of {Diyana-Zariwaw}},
publisher = {Brill},
location = {Leiden},
series = {Studies in Semitic Languages and Linguistics},
number = 81,
year = 2015,
}

@article{Noorlander,
	author = {Paul M. Noorlander},
	title = {Diversity in convergence: {Kurdish and Aramaic} variation entangled},
	journal = {Kurdish Studies},
	volume = {2},
	number = {2},
	pages = {201--224},
	OPTurl = {www.tplondon.com/journal/index.php/ks/issue/view/10},
	year = 2014,
}

@inCollection{NoorlanderStilo,
	author = {Paul M. Noorlander and Donald Stilo},
	title = {On the Convergence of Verbal Systems of {Aramaic} and Its Neighbours},
	pages = {426--484},
	crossref = {KhanNapiorkowska},
}


@book{odisho1988sound,
  title={The sound system of modern {Assyrian} ({Neo-Aramaic})},
  author={Odisho, E.Y.},
  year={1988},
  publisher={Otto Harrassowitz Verlag}
}

@Article{PoizatVillages,
author = {Bruno Poizat},
title = {The {Sureth}-Speaking Villages in {Eastern Turkey}},
journal = {Journal of the Assyrian Academic Society},
year = {1986},
volume = {1},
pages = {17--23},
}


@Book{PoizatManuel,
	author = {Bruno Poizat},
	title = {Manuel de Soureth},
	subtitle =  {Initiation à l'Araméen d'Aujourd'hui, Parlé et Écrit},
	publisher = {Geuthner},
	address={Paris},
	year = {2008},
	titleaddon = {\textit{Avec la collaboration de {Yawsep Alichoran} et {Yohanan Binouissa}}}
}

@Book{ReesTargum,
author = {Margo Rees},
title = {Lishan Didan, Targum Didan},
subtitle = {Translation Language in a {Neo-Aramaic} {Targum} Tradition},
series = {Gorgias {Neo-Aramaic} Studies},
number = 3,
publisher  = {Gorgias Press},
location = {Piscataway, NJ},
year = 2008,
}

@article{SabarArabic,
 author = {Yona Sabar},
 journal = {Journal of the American Oriental Society},
 number = {1},
 pages = {201--211},
 publisher = {American Oriental Society},
 title = {The {Arabic} Elements in the {Jewish} {Neo-Aramaic} Texts of {Nerwa and ʿAmādīya, Iraqi Kurdistan}},
 volume = {104},
 year = {1984},
 eprinttype = {jstor},
 eprint = {602651},
}

@inCollection{SabarEuropean,
 author = {Yona Sabar},
 title = {General {European} Loanwords in {Jewish} {Neo-Aramaic} Dialect of {Zakho}, {Iraqi Kurdistan}},
 pages = {53--66},
 crossref = {HeinrichsNA},
}

@Book{SabarFather,
author = {Ariel Sabar},
title = {My Father's Paradise: A Son's Search For His Family's Past},
publisher = {Algonquin Books},
year = {2009},
}

@Book{SabarMidrashim,
	author = {Yona Sabar},
	title = {\texthebrew{מדרשים בארמית יהודי כורדיסטאן לפרשיות ויחי, בשלח ויתרו} [{H}omilies in the {Neo-Aramaic} of the {Kurdistani Jews} on the {Parashot Wayḥi, Beshallaḥ and Yitro}]},
	publisher = {The Israel Academy of Sciences and Humanities},
	location = {Jerusalem},
	year = {1984},	
}

@Book{SabarNerwa,
	author = {Yona Sabar},
	title = {{Pəšaṭ Wayəhî Bəšallaḥ}}, 
	subtitle = {A {Neo-Aramaic Midrash on Beshallaḥ (Exodus)}. {Introduction}, Phonetic Transcription, Translation, Notes and Glossary},
	publisher = {Otto Harrassowitz},
	year = {1976},
	address = {Wiesbaden},
}

@book{SabarDictionary,
	title={A {Jewish} {Neo-Aramaic} dictionary},
	subtitle={Dialects of {Amidya, Dihok, Nerwa and Zakho}, northwestern {Iraq}},
	author={Sabar, Yona},
	series={Semitica Viva},
	number={28},
	year={2002},
	publisher={Harrassowitz Verlag},
	address={Wiesbaden}
}


@InCollection{SabarAgonies,
author = {Yona Sabar},
title = {Agonies of Childbearing and Child Rearing in {Iraqi Kurdistan}: A Narrative in {Jewish Neo-Aramaic} and its {English} Translation},
crossref = {GoldenbergFestschrift},
pages = {107--145},
}

@Book{SabarGenesis,
author = {Yona Sabar},
title = {The Book of {Genesis} in {Neo-Aramaic}},
publisher = {Magnes Press},
year = {1983},
number = {IX},
series = {Publications of The Hebrew University Language Traditions Project},
address = {Jerusalem},
}

@thesis{SchallerSanandaj,
author = {Schaller, Nurit},
title = {{Grammatische Skizze des Jüdisch Nordostneuaramäischen Dialekts aus Sanandaǧ (Iranisch Kurdistan)}},
type = {Magisterarbeit},
institution = {Hochschule für Jüdische Studien Heidelberg},
date = {2007},
}


@misc{SemArch,
editor = {Werner Arnold},
shorthand = {Arnold, ed.},
title = {{SemArch} -- {Semitisches Tonarchiv}},
url = {http://www.semarch.uni-hd.de},
editora = {Hafis El-Ghannam},
editoratype = {Technical realization},
addendum = {Archive of recordings of living Semitic languages, curated at the University of Heidelberg},
}


@Book{SinhaBespen,
	author = {Jasmin Sinha},
	title = {Der neuostaramäische {Dialekt von Bēṣpən} ({Provinz Mardin, Südosttürkei})},
	subtitle ={Eine grammatische {Darstellung}},
	publisher = {Herassowitz Verlag},
	year = {2000},
	address = {Wiesbaden},
	addendum = AUDIO#{\url{www.semarch.uni-hd.de/tondokumente.php43?ORT_ID=15}}
}

@Book{Socin,
author = {Socin, Albert},
title = {Die neu-aramäischen {Dialekte von Urmia bis Mosul}},
subtitle = {{Texte u. Uebers.}},
location = {Tübingen}, 
publisher = {Laupp},
year = {1882},
}

@Book{TalayKhabur,
author = {Shabo Talay},
title = {Die neuaramäischen {Dialekte der Khabur-Assyrer in Nordostsyrien}},
subtitle = {Einführung, Phonologie und Morphologie},
publisher = {Harrassowitz Verlag},
location = {Wiesbaden},
year = 2008,
series = {Semitica Viva},
number = {40},
}

@Online{ThiryGeznakh,
author = {August Thiry},
title = {{Geznakh -- Back to Hakkari}},
year = {2007},
urldate = {2012-06},
url={www.shlama.be/shlama/content/view/11/12/}
}


@article{Tsetsereli,
author={Konstantin Tsereteli},
title={A Type of Nominal Syntagm in {Modern Aramaic Dialects}},
journal = {Bulletin of the School of Oriental and African Studies, University of London},
volume = 28,
number = 2,
year = 1965,
pages = {227--232},
publisher = {Cambridge University Press},
}


@Book{WernerWNA,
author = {Werner Arnold},
title = {Das {Neuwestaramäische}},
volume = {V.\ \textit{Grammatik}},
publisher = {Otto Harrassowitz},
location = {Wiesbaden},
year = 1990,
Series = {Semitica Viva},
Number = {4/V},
addendum = AUDIO#{\url{http://www.semarch.uni-hd.de/dokumentgruppen.php43?ST_ID=5&DT_ID=8}}
}

@Book{WernerWNALehrbuch,
author = {Werner Arnold},
title = {Lehrbuch des {Neuwestaramäischen}},
edition = {\textit{Zweite, revidierte und erwiterte Auflage}},
publisher = {Harrassowitz Verlag},
location = {Wiesbaden},
year = 2006,
series = {Semitica Viva - Series Didactica},
number = 1,
}

@Book{YaramisGaznakh,
author = {Zackarie Yaramis},
title = {Gaznakh},
subtitle = {Nid des Civilisations},
publisher = {Transversales Editions},
address={Millau},
year = {2010},
OptISBN = {978-2-915798-22-7},
}


@InCollection{GoldenbergZaken,
author = {Gideon Goldenberg and Mordekhay Zaken},
title = {The Book of {Ruth} in {Neo-Aramaic}},
pages = {151--157},
crossref = {HeinrichsNA}
}

@InCollection{PanoussiSenaya,
author = {Estiphan Panoussi},
title = {On the {Senaya} dialect},
crossref = {HeinrichsNA},
pages = {107--129},
}


@Article{Pennacchietti1996,
author = {Fabrizio A. Pennacchietti},
title = {Il pronome determinativo d- e la complementazione dell’aggettivo nel neoaramaico di {Urmia}},
journal = {Israel Oriental Studies},
year = {1996},
pages = {71--84},
volume = {16},
}

@article{PennacchiettiContact,
title = {{Neoaramaico, Curdo e Armeno: Lingue a contatto}},
author = {Fabrizio A. Pennacchietti and Alessandro Orengo},
journal = {Egitto e Vicino Oriente},
volume = 18,
year = 1995,
pages = {221--233},
}

@book{YounansardaroudSardarid,
author = {Helen Younansardaroud},
title = {Der neuostaramäische {Dialekt von Särdäːrïd}},
date = {2001},
series = {Semitica Viva},
number = {26},
publisher = {Harrassowitz Verlag},
location = {Wiesbaden},
addendum = AUDIO#{\url{www.semarch.uni-hd.de/tondokumente.php43?ORT_ID=14}},
}


@Collection{HeinrichsNA,
	editor = {Wolfhart Heinrichs},
	title = {Studies in {Neo-Aramaic}},
	booktitle = {Studies in {Neo-Aramaic}},
	publisher = {Scholars Press},
	year = {1990},
	number = {36},
	series = {Harvard Semitic Series},
	address = {Atlanta, GA},
}

@collection{KhanStudies,
editor = {Geoffrey Khan},
title = {{Neo-Aramaic} Dialect Studies},
subtitle = {Proceedings of a Workshop on {Neo-Aramaic} held in {Cambridge} 2005},
series = {Gorgias {Neo-Aramaic} Studies},
number = 1,
publisher  = {Gorgias Press},
location = {Piscataway, NJ},
year = 2008,
}

@collection{KhanNapiorkowska,
editor = {Geoffrey Khan and Lidia Napiorkowska},
title = {{Neo-Aramaic} and its linguistic context},
date = {2015},
series = {Gorgias {Neo-Aramaic} Studies},
number = {14},
publisher = {Gorgias Press},
location = {Piscataway, NJ},
}


@PhDthesis{GutmanThesis,
author = {Ariel Gutman},
title = {Attributive Constructions in
{North-Eastern Neo-Aramaic}},
subtitle = {Areal, Typological and Historical Perspectives},
institution = {University of Konstanz},
date = {2016},
OPTaddendum = {Includes an electronic database, as well as German and English abstracts.},
url = {http://nbn-resolving.de/urn:nbn:de:bsz:352-0-352520}
}

