@article{Dion,
author = {Paul-E. Dion},
title = {The Language Spoken in Ancient {Samʾal}},
journal = {Journal of Near Eastern Studies},
volume = 37,
number = 2,
issuetitle = {The {Chicago} Colloquium on {Aramaic} Studies},
year = 1978,
pages = {115--118},
eprint = {545138},
eprinttype = {jstor},

}

@Article{Grassi2009,
author = {Giulia Francesca Grassi},
title = {The emergence of the genitive analytical construction in {Aramaic}},
journal = {Annali dell’Istituto Orientale di Napoli},
year = {2009 [2012]},
volume = {69},
pages = {141--156},
}



@InProceedings{Grassi2013,
author = {Giulia Francesca Grassi},
title = {Analytical and synthetic genitive constructions in {Old, Imperial and Epigraphic Middle Aramaic}},
booktitle = {Schrift und {Sprache}},
booksubtitle = {Papers Read at the 10th {Mainz} International Collquium on {Ancient Hebrew (MICAH), Mainz, 28--30 October 2011}},
pages = {375--434},
year = {2013},
editor = {Reinhard G. Lehmann and Anna Elise Zernecke},
volume = {15},
series = {KUSATO},
address = {Kamen},
publisher = {Hermut Spenner},
}

@Article{Garr1990,
author = {W. Randall Garr},
title = {On the Alternation between Construct and dī-Phrases in {Biblical Aramaic}},
journal = {Journal of Semitic Studies},
year = {1990},
volume = {35},
number = {2},
pages = {213--231},
}

@InProceedings{Kaddari1969,
author = {M.Z. Kaddari},
title = {Construct State and di-Phrases in {Imperial Aramaic}},
booktitle = {Proceedings of the International Conference on {Semitic} Studies held in {Jerusalem}, 19-23 {July} 1965},
year = {1969},
pages = {102-115},
}

@Article{Kuty2007,
author = {R.J. Kuty},
title = {Genitive Constructions in {Targum Jonathan to Samuel}},
journal = {Aramaic Studies},
year = {2007},
volume = {5},
number = {1},
pages = {111--131},
}

@InCollection{Kuty2009,
author = {R.J. Kuty},
title = {Genitive constructions in {Targum Onqelos to Genesis}},
subtitle = {The relation between the {Aramaic of Targum Onqelos and the Aramaic of Targum Jonathan}},
pages = {89--111},
crossref={Watson-Retsö2009},
}

@Article{KutyForthcoming,
author = {R.J. Kuty},
title = {La relation génitivale en vieil araméen (Xe-VIIe siècles av. J.-C.)},
journal = {Zeitschrift der Deutschen Morgenländischen Gesellschaft},
year = {Forthcoming},
}




@Collection{Watson-Retsö2009,
booktitle = {Relative Clauses and Genitive Constructions in {Semitic}},
booksubtitle = {Typology and Diachrony},
publisher = {University of Manchester},
year = {2009},
editor = {J.C.E. Watson and J. Retsö},
note = {supplement of the Journal of Semitic Studies},
}
 
@InCollection{Retsö2009,
author = {J. Retsö},
title = {Nominal Attribution in {Semitic}},
subtitle = {Typology and Diachrony},
crossref = {Watson-Retsö2009},
pages = {3--33},
}


 

@Book{Pennacchietti1968,
author = {F.A. Pennacchietti},
title = {Studi sui pronomi determinativi semitici},
publisher = {Istituto Universitario Orientale},
year = {1968},
address = {Napoli},
note = {(Istituto Orientale di Napoli. Pubblicazioni del Seminario di Semitistica. Ricerche, iv.)},
}


@InProceedings{Pennacchietti1984,
author = {F.A. Pennacchietti},
title = {Modi e forme del sintagma genitivale in semitico a partire dai testi di {Ebla} fino ai giorni nostri},
booktitle = {Il bilinguismo a {Ebla}},
booksubtitle = {Atti convegno internazionale ({Napoli}, 19-22 aprile 1982)},
pages = {267--293},
year = {1984},
editor = {L. Cagni},
address = {Napoli},
}


