@collection{BausiTosco,
title = {{Afroasiatica Neapolitana}},
subtitle = {{Contributi presentati all'8º Incontro di Linguistica Afroasiatica (Camito-Semitica). Napoli, 25-26 Gennaio 1996 (Papers from the 8th Italian Meeting of Afroasiatic (Hamito-Semitic) Linguistics. Naples, January 25-26, 1996)}},
editor = {Alessandro Bausi and Mauro Tosco},
publisher = {Instituto Universitario Orientale},
location = {Napoli},
year = 1997,
series = {Studi Afrianistici, Serie Etiopica},
number = 6,
}

@collection{EgyptianSemitic,
title={Egyptian, {Semitic} and General Grammar},
subtitle={Studies in Memory of {H.\ J.\ Polotsky}},
editor={Gideon Goldenberg and Ariel Shisha-Halevy},
year={2009},
address={Jerusalem},
publisher={The Israel Academy of Sciences and Humanities}
}


@Collection{EncHebrew,
editor = {Geoffrey Khan},
title = {Encyclopedia of {Hebrew} language and linguistics},
publisher = {Brill},
address = {Leiden},
year = {2013},
}

@Collection{EncArabic,
editor = {Kees Versteegh},
title = {Encyclopedia of {Arabic} language and linguistics},
publisher = {Brill},
year = {2005--2009},
address = {Leiden},
}



@collection{GoldenbergFestschrift,
editor = {Tali Bar and Eran Cohen},
title = {Studies in {Semitic} and General Linguistics in Honor of {Gideon Goldenberg}},
publisher = {Ugarit-Verlag},
year = {2007},
number = {334},
series = {Alter Orient und Altes Testament},
address = {Münster},
}

@collection{MengozziStudi,
title = {{Studi Afroasiatici (Afro-Asiatic Studies)}},
editor = {Alessandro Mengozzi},
date = {2005},
subtitle = {{XI Incontro Italiano di Linguistica Camitosemitica (11th Italian Meeting of Afro-Asiatic Linguistics)}},
series = {Materiali linguistici},
number = {52},
publisher = {FrancoAngeli},
location = {Milano},
}


@book{BadawiCarter,
author = {Elsaid Badawi and Michael G. Carter and Adrian Gully},
title = {{Modern Written Arabic}},
subtitle = {A Comprehensive Grammar},
location = {London},
publisher = {Routledge},
OPTseries = {Routledge Comprehensive Grammars},
year = {2004},
}

@inCollection{BarAsherAdnominal,
title = {Adnominal possessive and subordinating particles in {Semitic} languages},
author = {Bar-Asher Siegal, Elitzur A.},
booktitle = {Morphologie, syntaxe et sémantique des subordonnants},
editor = {Colette Bodelot and Hana Gruet-Skrabalova and François Trouilleux},
publisher = {Presses Universitaires Blaise-Pascal},
location = {Clermont-Ferrand},
year = 2013,
pages = {133--150}
}

@book{BarAsherJBA,
title = {Introduction to the Grammar of {Jewish Babylonian Aramaic}},
author = {Bar-Asher Siegal, Elitzur A.},
publisher = {Ugarit-Verlag},
location = {Münster},
year = 2013,
series = {Textbooks of Near Eastern Languages},
number = {III/3},
}

@book{Beeston1970,
  title={The {Arabic} Language Today},
  author={Beeston, Alfred Felix Landon},
  year={1970},
  publisher={Hutchinston University Library},
  address={London}
}


@InCollection{BenmamounConstruct,
author = {Elabbas Benmamoun},
title = {Construct State},
crossref = {EncArabic},
pages = {477--482},
volume = {1},
year = 2005
}

@Article{BermanClark1989,
author = {Ruth A. Berman and Eve V. Clark},
title = {Learning to use compounds for contrast: data from {Hebrew}},
journal = {First Language},
year = {1989},
volume = {9},
pages = {247--270},
}

@Book{BeyerAramaic,
author = {Beyer, Klaus},
title = {The {Aramaic} language},
subtitle = {Its Distribution and Subdivisions},
location = {Göttingen},
publisher = {Vandenhoeck \& Ruprecht},
year = {1986},
translator = {John F. Healey},
origlanguage = {german},
}

@InCollection{Borer2008,
author = {Borer, Hagit},
title = {Compounds},
subtitle = {The view from {Hebrew}},
booktitle = {The {Oxford} Handbook of Compounds},
publisher = {Oxford University Press},
address={Oxford},
year = {2008},
editor = {R. Lieber and P. Stekauer},
pages = {491--511},
}

@article{BulakhNotaGenitivi,
author = {Maria Bulakh},
title = {Nota Genitivi \textit{Za-} in {Epigraphic Geez}},
journal = {Journal of Semitic Studies},
volume = {54},
number = 2,
year = 2009,
pages = {393--419},
}



@book{cohen1984phrase,
  title={La phrase nominale et l'{\'e}volution du syst{\`e}me verbal en s{\'e}mitique: },
  subtitle={{\'e}tudes de syntaxe historique},
  author={Cohen, David},
  series={Collection Linguistique},
  number=73,
  year={1984},
  publisher={Peeters},
  address={Louvain}
}


@InCollection{CohenAttribute,
author = {Eran Cohen},
title = {Attribute},
crossref = {EncHebrew},
pages = {235--239},
volume = {1},
}

@article{CohenSha,
author = {Eran Cohen},
title = {Adjectival \textit{ša} Syntagms and Adjectives in {Old Babylonian}},
Journal = {Bulletin of the School of Oriental and African Studies},
volume = {71},
number = 1,
year = 2008,
pages = {25--52},
}

@Article{DanonDefiniteness,
author = {Gabi Danon},
title = {Definiteness spreading in the {Hebrew} construct state},
journal = {Lingua},
year = {2008},
volume = {118},
number = {7},
pages = {872--906},
issuetitle = {Morphosyntactic mismatches in lexical categories},
OPTeditor = {I. Nikolaeva and A. Spencer}
}

@InCollection{DoronAdjectival,
author = {Doron, Edit},
title = {The Adjectival Construct in {Hebrew}},
booktitle = {Proceedings of {IATL} 2013},
editor = {Nurit Melnik},
year = {2014},
pages = {15--32},
number = {72},
series = {MIT Working Papers in Linguistics},
OPTurl = {www.iatl.org.il/wp-content/uploads/2014/11/IATL29_Doron.pdf},
}



@InCollection{DoronConstruct,
author = {Edit Doron and Irit Meir},
title = {Construct State: {Modern Hebrew}},
crossref = {EncHebrew},
pages = {581--589},
volume = {1},
}

@Book{ErwinIraqi,
author = {Wallace M. Erwin},
title = {A Short Reference Grammar of {Iraqi Arabic}},
series = {Georgetown Classics in Arabic Language and Linguistics},
publisher = {Georgetown University Press},
location = {Washington, D.C.},
year = {2004 [1963]},
OPTaddendum = {Originally published 1963},
}

@InCollection{FaberGenetic,
author = {Alice Faber},
title = {Genetic Subgrouping of the {Semitic} Languages},
pages = {3--15},
crossref = {Hetzron1997Semitic},
}

@article{Fabri1996,
author={Ray Fabri},
title={The construct state and the pseudo-construct state in {Maltese}},
pages = {245--274},
crossref = {MalteseNP}
}

@article{FaustAt,
author = {Noam Faust},
title = {Where it’s [at]},
subtitle = {A phonological effect of phasal boundaries
in the construct state of {Modern Hebrew}},
journal = {Lingua},
pages = {315--331},
volume = {150},
year = {2014},
}

@book{Fitzmyer1979,
author = {Fitzmyer, Joseph A.},
title = {A Wandering {Aramean}},
subtitle = {Collected Aramaic Essays},
publisher = {Scholars Press},
location = {Missoula, MT},
year = 1979,
}


@article{FreedmanBroken,
author = {David Noel Freedman},
title = {The Broken Construct Chain},
journal = {Biblica},
volume = {53},
number = {4},
year = 1972,
pages = {534--536},
eprint = {42609768},
eprinttype = {jstor},
}

@article{GaiHighLoad,
author = {Amikam Gai},
title = {High-Load Nominal Attributes in Some {Semitic} Languages},
journal = {Journal of the American Oriental Society},
volume = 113,
number = 2,
year = 1993,
pages = {269--270},
eprint = {603032},
eprinttype = {jstor},
}

@article{GaiRare,
author = {Amikam Gai},
title = {{Kəpurtə d Atalja - Ellat puratti}},
subtitle = {A Rare Syntactic Construction in {Modern Syriac and Akkadian}},
journal = {Le Muséon},
volume = 126,
number = {1--2},
date = 2013,
pages = {21--28},
}

@book{Gesenius,
author = {Wilhelm Gesenius},
title = {{Hebräische Grammatik}},
subtitle = {{Völlig umgearbeitet von E. Kautzsch}}, 
publisher = {F.C.W. Vogel},
location = {Leipzig},
year = 1909,
}

@Book{GlinertGrammar,
author = {Glinert, Lewis},
title = {The grammar of {Modern Hebrew}},
publisher = {Cambridge University Press},
year = {1989},
address = {Cambridge},
}


@book{GoldenbergFurther,
author = {Gideon Goldenberg},
title = {Further studies in {Semitic} linguistics},
sorttitle = {Studies in Semitic Linguistics, Further},
publisher = {Ugarit-Verlag},
year = {2013},
series = {Alter Orient und Altes Testament},
number = {405},
address = {Münster},
}

@Book{GoldenbergSemitic,
author = {Gideon Goldenberg},
title = {Semitic Languages},
subtitle = {Features, Structures, Relations, Processes},
publisher = {Oxford University Press},
year = {2013},
}


@Book{GoldenbergStudies,
author = {Gideon Goldenberg},
title = {Studies in {Semitic} linguistics},
subtitle={Selected writings},
publisher = {Magnes Press},
year = {1998},
address = {Jerusalem},
}

@InCollection{GoldenbergAdjectivization,
crossref = {jastrow2002sprich},
title = {Two Types of Phrase Adjectivization},
author = {Gideon Goldenberg},
pages = {193--208},
relatedstring={Reprinted\nopunct},
related={GoldenbergAdjectivizationReprint},
}

@InBook{GoldenbergAdjectivizationReprint,
crossref = {GoldenbergFurther},
pages = {123--139},
related={GoldenbergAdjectivization},
relatedstring={Reprint of},
}


@Article{GoldenbergAttribution,
author = {Goldenberg, Gideon},
title = {Attribution in {Semitic} Languages},
journal = {Langues Orientales Anciennes: Philologie et Linguistique},
year = {1995},
number = {5--6},
pages = {1--20},
related = {GoldenbergAttributionReprint},
relatedstring = {Reprinted\nopunct},
}

@InBook{GoldenbergAttributionReprint,
crossref = {GoldenbergStudies},
pages = {46--65},
related={GoldenbergAttribution},
relatedstring={Reprint of},
}

@Article{GoldenbergGeneral,
author = {Goldenberg, Gideon},
title = {Semitic Linguistics and the General Study of Language},
journal = {Israel Oriental Studies},
issuetitle = {Semitic Linguistics -- the State of the Art at the Turn of the Twenty-First Century},
year = {2002},
volume = {20},
editor = {Izre'el, Shlomo},
publisher = {Eisenbrauns},
address = {Winona Lake, Indiana},
relatedstring={Reprinted\nopunct},
related={GoldenbergGeneralReprint},
OPTaddendum = {Reprinted in \cite[11--27]{GoldenbergFurther}}
}

@InBook{GoldenbergGeneralReprint,
crossref = {GoldenbergFurther},
pages = {11--27},
related={GoldenbergGeneral},
relatedstring={Reprint of},
}

@inCollection{GoldenbergInnovative,
author = {Goldenberg, Gideon},
title = {Conservative and Innovative Features in {Semitic} Languages},
crossref = {BausiTosco},
pages = {3--21},
relatedstring={Reprinted\nopunct},
related={GoldenbergInnovativeReprint},
}

@inBook{GoldenbergInnovativeReprint,
crossref = {GoldenbergFurther},
pages = {29--46},
}

@incollection{GoldenbergPronouns,
author = {Gideon Goldenberg},
title = {Pronouns, Copulas and a Syntactical Revolution in {Neo-Semitic}},
crossref = {MengozziStudi},
pages = {239--252},
relatedstring = {Reprinted\nopunct},
related = {GoldenbergPronounsReprint},
OPTaddendum = {Reprinted in \citet[97--108]{GoldenbergFurther}},
}

@inBook{GoldenbergPronounsReprint,
crossref = {GoldenbergFurther},
pages = {97--108},
}


@InCollection{GoldenbergRelations,
author = {Gideon Goldenberg},
title = {\texthebrew{יחסים תחביריים וטיפולוגיה בלשונות שמיות} [{Syntactic} Relations and Typology in Semitic Languages]},
booktitle = {\texthebrew{עיונים בעקבות מפעלו של פולוצקי: דברים שנאמרו בערב לכבוד יעקב פולוצקי בהגיעו לגבורות} [{Following Polotsky's teachings: Lectures in honour of H. J. Polotsky on the occasion of his eightieth birthday}]},
booktitleaddon = {Delivered at the Israel Academy of Sciences and Humanities in a meeting held on the 21st of January 1986},
publisher = {Israel Academy of Sciences and Humanities},
location = {Jerusalem},
pages = {7--18},
year = {1987},
relatedstring = {Translated to English by Shmuel Bar\nopunct},
related={GoldenbergRelationsTranslation},
}

@InBook{GoldenbergRelationsTranslation,
crossref = {GoldenbergStudies},
pages = {138--147},
}


@article{GoldenbergVerbalStructure,
  title={על תורת הפועַל והפועַל העברי ({O}n Verbal Structure and the Hebrew Verb)},
  author={Goldenberg, Gideon},
  Editor={M. Bar-Asher},
  journal={מחקרים בלשון (Language Studies)},
  volume={I},
  pages={295--348},
  year={1985},
  publisher={Magnes Press},
  address={Jerusalem},
  note={\citep[English translation in][148--196]{GoldenbergStudies}}
}

@inBook{GoldenbergVerbalStructureTranslation,
  title={On Verbal Structure and the Hebrew Verb},
  author={Goldenberg, Gideon},
  year={1985 [1998]},
  pages = {148--196},
  note = {\cite{GoldenbergStudies}},
  addendum = {First published in Hebrew in 1985.}
}





@article{GoldenbergUllendorff,
author = {Gideon Goldenberg},
title = {Review of {Edward Ullendorff}, \textit{The Ethiopians: an introduction to country and people}},
journaltitle = {Journal of Semitic Studies},
volume = {24}, 
number = {2}, 
pages = {321-326}, 
year = {1979},
}

@article{GutmanReview,
author = {Ariel Gutman},
title = {\textnormal{Review of} \textit{Semitic languages: Features, structures, relations, processes}, \textnormal{by Gideon Goldenberg}\nopunct},
titleaddon = {\citep{GoldenbergSemitic}},
journal = {Linguistic Typology},
volume = 19,
number = 1,
pages = {131--139},
year = {2015},
}

@inCollection{GzellaNWS,
author = {Holger Gzella},
title = {Northwest {Semitic} in General},
pages = {425--451},
booktitle = {The {Semitic} Languages},
booksubtitle = {An International Handbook},
editor = {Weninger, Stefan},
publisher = {De Gruyter Mouton},
series = {Handbooks of linguistics and communication sciences},
number = 36,
location = {Berlin},
year = 2011,
}

@book{HaberlMandaic,
author =  {Charles G. Häberl},
title =  {The {Neo-Mandaic} Dialect of {Khorramshahr}},
publisher = {Harrassowitz Verlag},
location = {Wiesbaden},
series = {Semitica Viva},
number = 45,
year = 2009,
}

@article{HaberlRelative,
author = {Charles G. Häberl},
title = {The Relative Pronoun ḏ- and the Pronominal Suffixes in {Mandaic}},
journal = {Journal of Semitic Studies},
volume = {LII},
number = 1,
year = 2007,
pages = {71--77},
}

@InCollection{HeckeConstruct,
author = {Van Hecke, Pierre},
title = {Construct State: {Biblical Hebrew}},
crossref = {EncHebrew},
pages = {579--580},
volume = {1},
}


@InProceedings{HellerPossesion,
author = {Heller, Daphna},
title = {Possession as a Lexical Relation: {Evidence} from the {Hebrew} Construct State},
booktitle = {{Proceedings of the 21\textsuperscript{st}\ West Coast Conference on Formal Linguistics}},
pages = {127--140},
year = {2002},
editor = {Line Mikkelsen and Christopher Potts},
publisher = {Cascadilla Press},
location = {Somerville, MA},
}


@InCollection{HopkinsEmotive, 
author = {Simon Hopkins},
title = {\enquote{That Monster of a Man} and the Emotive Genitive},
crossref = {EgyptianSemitic},
pages = {363--389},
}

@article{HopkinsName,
author = {Simon Hopkins},
title = {On the Construction \textit{šmēh l-ḡaḇrā} \enquote{the name of the man} in {Aramaic}},
journaltitle = {Journal of Semitic Studies},
date = {1997},
volume = {152},
number = {1},
pages = {23--32},
}

@Book{JastrowAqra,
author = {Otto Jastrow},
title = {{Der arabische Dialekt der Juden von ʿAqra und Arbīl}},
year = 1990,
publisher = {Otto Harrassowitz},
location = {Wiesbaden},
series = {Semitica Viva},
number = 5,

}


@book{JenniLehrbuch,
author = {Ernst Jenni},
title = {{Lehrbuch Der Hebräischen Sprache Des Alten Testaments}},
subtitle = {{Neubearbeitung des „Hebräischen Schulbuchs‟ von Hollenberg-Budde}},
date = {2003},
publisher = {Schwabe \& Co AG Verlag},
location = {Basel},
}


@Book{KaneAmharicDictionary,
author = {Thomas Leiper Kane},
title = {{Amharic-English} Dictionary},
publisher = {Otto Harrassowitz},
year = {1990},
address = {Wiesbaden},
}

@inCollection{Kaufman1997,
author = {Kaufman, Stephen A.},
title = {Aramaic},
pages = {114--130},
crossref = {Hetzron1997Semitic},
}

@Book{KleinHebrew,
author = {Klein, Ernst},
title = {A Comprehensive Etymological Dictionary Of The {Hebrew} Language for Readers of {English}},
location = {Jerusalem},
publisher = {Carta \& The University of Haifa},
year = {1987},
}


@Article{KönigEmphatic,
author = {Eduard König},
title = {The Emphatic State in {Aramaic}},
journal = {The American Journal of Semitic Languages and Literatures},
year = {1901},
volume = {17},
number = {4},
pages = {209--221},
}


@Book{MacuchHandbook,
author = {Rudolf Macuch},
title = {Handbook of {Classical and Modern Mandaic}},
publisher = {Walter de Gruyter \& Co.},
location = {Berlin},
year = 1965,
}


@collection{MalteseNP,
OPTeditor={Albert J. Borg and Frans Plank},
journaltitle = {Rivista di Linguistica},
volume = 8,
number = 1,
year = 1996,
issuetitle = {The {Maltese} Noun Phrase Meets Typology},
}

@book{NoldekeMandaic,
title = {Mandäische Grammatik},
author = {Nöldeke, Theodor},
publisher = {Verlag der Buchhandlung des Waisenhauses},
location = {Halle},
year = 1875,
}

@Book{PennachiettiPronomi,
author = {Fabrizio A. Pennacchietti},
title = {Studi sui pronomi determinativi semitici},
publisher = {Istituto Orientale di Napoli},
year = {1968},
number = {4},
series = {Pubblicazioni del Seminario di Semitistica -- Ricerche},
address = {Napoli},
}

@inCollection{Pennacchietti2007,
author = {Fabrizio A. Pennacchietti},
title = {L'impiego di Frasi Pseudorelative come Verbi Finiti},
booktitle = {Relative e Pseudorelative tra Grammatica e Testo},
editor = {F. Venier},
location = {Alessandria},
publisher = {Edizioni dell'Orso},
pages = {133--148},
year = {2007},
}

@book{SchulzArabic,
author = {Eckehard Schulz},
title = {A Student Grammar of {Modern Standard Arabic}},
publisher = {Cambridge University Press},
year = {2004},
}


@book{SokoloffJBA,
title = {A Dictionary of {Jewish Babylonian Aramaic of the Talmudic and Geonic} Periods},
author = {Michael Sokoloff},
publisher = {Bar Ilan University Press},
location = {Ramat-Gan},
year = {2002},
}

@book{SpitalerWNA,
author = {Spitaler, Anton},
title = {Grammatik des neuaramäischen {Dialekts von Maʿlūla (Antilibanon)}},
publisher = {Deutsche Morgenländische Gesellschaft},
location = {Leipzig},
series = {Abhandlungen für die Kunde des Morgenlandes},
volume = {23},
number = 1,
year = 1938,
addendum = {Reprinted 1966 by Kraus Reprint Ltd., Nendeln},

}



@PhDthesis{Ornan1964,
author = {Ornan, Uzzi},
title = {\texthebrew{הצירופים השמניים בלשון-הספרות העברית החדשה, בייחוד ע"פ הפרוזה של ח"נ ביאליק} [{The} Nominal Phrase in {Modern Written Hebrew}, especially according to the prose of {H.\ N.\ Bialik}]},
OPTpublisher = {Karmel},
year = {1964},
OPTaddress = {Jerusalem},
OPTtype = {doctoral thesis},
institution = {Hebrew University of Jerusalem},
addendum = {Re-edited 2011 by Karmel, Jerusalem},
}



@Article{LoewenstammFirst,
author = {Shmuel E. Loewenstamm},
title = {\texthebrew{על התהוותו של המושג "ראשון"\ בשפות השמיות} [{The} Development of the Term \enquote{first} in the {Semitic} Languages]},
journal = {Tarbiz},
year = {1955},
volume = {24},
number = {3},
pages = {249--251},
eprint = {23586186},
eprinttype = {jstor},
OPTurl = {www.jstor.org/stable/23586186}
}

@Article{PatElContact,
title = {Contact or Inheritance? {Criteria} for distinguishing internal and external change in genetically related language},
author = {Na'ama Pat-El},
journal = {Journal of Language Contact},
number = 6,
year = 2013,
pages = {313--328},
}

@article{PatElDefinite,
author = {Na'ama Pat-El},
title = {The Development of the {Semitic} Definite Article: {A} Syntactic Approach},
journal = {Journal of Semitic Studies},
volume = {LIV},
number = 1,
year = 2009,
pages = {19--50},
}

@inCollection{PatElInalienable,
author = {Na'ama Pat-El},
title = {Inalienable Possession: {Biblical Hebrew}},
volume = {2},
pages = {252--253},
crossref = {EncHebrew},
}

@Book{PatElStudies,
author = {Na'ama Pat-El},
title = {Studies in the Historical Syntax of {Aramaic}},
publisher = {Gorgias Press},
year = {2012},
number = {1},
series = {Perspectives on Linguistics and Ancient Languages},
address = {Piscataway, NJ},
}



@InProceedings{PatElmorphosyntax,
author = {Na'ama Pat-El},
title = {The morphosyntax of nominal antecedents in {Semitic, and an innovation in Arabic}},
year = {2014},
booktitle = {Proceedings of the {Oslo-Austin} Workshop in {Semitic} Linguistics},
booksubtitle  = {Oslo, {May} 23 and 24, 2013},
editor = {Lutz Edzard and John Huehnergard},
publisher = {Harrassowitz Verlag},
address = {Wiesbaden},
series = {Abhandlungen für die Kunde des Morgenlandes},
number = {88},
}



@inCollection{SiloniInalienable,
author = {Aya Meltzer-Asscher and Tal Siloni},
title = {Inalienable Possession: {Modern Hebrew}},
pages = {253--254},
volume = {2},
crossref = {EncHebrew},
}

@article{ShlezingerRavid1998,
author = {Yitzhak Shelzinger and Dorit Ravid},
title = {\texthebrew{הסמיכות הכפולה בעברית החדשה: עודפות או קיום עצמאי?} [{The} Double Compound in {Modern Hebrew}: {Redundancy} or Independent Existence?]},
journal = {\texthebrew{בלשנות עברית} [Hebrew Linguistics]},
volume = 43,
pages = {85--97},
year = 1998,

}

@Article{VerhejGenitive,
author = {Verhej, Arian J. C.},
title = {The Genitive Construction with Two \textit{nomina recta}},
journal = {Zeitschrift für Althebraistik},
year = {1989},
volume = {2},
pages = {210--212},
OPTmonth = {month},
}

@collection{WardiniRock,
editor = {Elie Wardini},
title = {Built on Solid Rock},
subtitle = {Studies in Honour of Professor {Ebbe Egede Knudsen} on the Occasion of his 65th Birthday {April} 11th 1997},
date = {1997},
series = {Serie B: Skrifter},
number = {98},
publisher = {Instituttet for sammenlignende kulturforskning / Novus forlag},
location = {Oslo},
}


@incollection{RetsoPlural,
author = {Retsö, Jan},
title = {State and Plural Marking in {Semitic}},
pages = {268--282},
crossref = {WardiniRock},
}

@article{RetsoState,
author = {Retsö, Jan},
title = {State, Determination and Definiteness in {Arabic}},
subtitle = {A Reconsideration},
journal = {Orientalia Suecana},
volume = {33--35},
pages = {341--346},
year = {1984--1986},
}

@article{PolotskySchneider,
author = {Hans J. Polotsky},
title = {Review of {R.\ Schneider}, \textit{L'expression des compléments de verbe  et de nom et la place de l'adjectif épithète en guèze}},
journaltitle = {Journal of Semitic Studies},
date = {1961},
volume = {6},
number = {2},
pages = {251--256},
}


@book{WaltkeOconnor,
author = {Bruce K. Waltke and M. O'Connor},
title = {An Introduction to {Biblical Hebrew} Sytnax},
location = {Winona Lake, IN},
publisher = {Eisenbrauns},
date = {1990},
}


@book{WoodheadBeene,
editor = {D. R. Woodhead and Wayne Beene},
title = {A Dictionary of {Iraqi Arabic: Arabic-English}},
series = {The Richard Slade Harrell Arabic Series},
number = 10,
publisher = {Georgetown University Press},
location = {Washington, D.C.},
year = 1967,
}


@article{zuckermann2009hybridity,
  title={Hybridity versus revivability: {Multiple} causation, forms and patterns},
  author={Zuckermann, Ghil'ad},
  journal={Journal of Language Contact},
  volume={Varia 2},
  pages={39-67},
  year={2009},
  publisher={Brill}
}

@Collection{Hetzron1997Semitic,
	editor = {Robert Hetzron},
	title = {The {Semitic} Languages},
	publisher = {Routledge},
	year = {1997},
}

@collection{jastrow2002sprich,
  title={„{Sprich} doch mit deinen {Knechten} aramäisch, wir verstehen es!“}, 
  subtitle={{60 Beiträge zur Semitistik:  Festschrift für Otto Jastrow zum 60. Geburtstag}},
  editor={Werner Arnold and Hartmut Bobzin},
  year={2002},
  publisher={Harrassowitz Verlag},
  location = {Wiesbaden},
}

@collection{WatsonResto2009,
editor={Janet C.E. Watson and Jan Restö},
title={{Journal of Semitic Studies}},
volume={Supplement 25},
year={2009},
publisher = {Oxford University Press},
address={Oxford},
issuetitle={Relative Clauses and Genitive Constructions in {Semitic}},
}
