@Book{AssemanusActa,
title = {Acta Martyrum Orientalium et Occidentalium},
editor = {Assemanus, Stephanus Evodius},
year = 1748,
vol = 1,
location = {Rome},
OPTurl = {archive.org/details/ActaSanctorumMartyrumOrientaliumEtO},
}

@Book{AssemanusBibliotheca,
title = {Bibliotheca Orientalis {Clementino-Vati-cana}},
subtitle = {De scriporibus Syris orthodoxis},
editor = {Josephus Simonius Assemanus},
vol = 1,
location = {Rome},
year = 1719,
addendum = {Reprinted 1975 by Georg Olms Verlag,  Hildesheim},
}

@Book{AssemanusEphraem,
title = {{Sancti Ephraem Syri}},
subtitle = {Opera Omnia},
vol = 3,
editor = {Assemanus, Stephanus Evodius},
location = {Rome},
year = 1743,
OPTurl = {hdl.handle.net/2027/ucm.5319429596},
}



@Book{BenedictusEphraem,
title = {{Sancti Ephraem Syri}},
subtitle = {Opera Omnia},
vol = 2,
editor = {Petrus Benedictus},
location = {Rome},
year = 1740,
OPTurl = {hdl.handle.net/2027/ucm.5319429587},
}

@Incollection{BaarsSchneider,
author = {Baars, W. and Schneider, H.},
title = {Prayer of {Manasseh}},
booktitle = {The {Old Testament} in {Syriac} according to the {Peshiṭta} Version},
editor = {{the Peshiṭta Institute}},
year = {1972},
publisher = {Brill},
volume = {IV/6 \textit{Canticles or Odes, Prayer of Manasseh, Apocryphal Psalms, Psalms of Solomon, Tobit, I (3) Esdras}},
address = {Leiden}
}

@PhDthesis{BakkerBardaisan,
author = {Dirk Bakker},
title = {Bardaisan's Book of the Laws of the Countries},
institution = {Leiden University},
date = {2011},
subtitle = {A computer-assisted linguistic analysis},
}

@incollection{BrockConstruct,
author = {Brock, Sebastian P.},
title = {Some Remarks on the Use of the Construct in {Classical Syriac}},
pages = {44--60},
crossref = {WardiniRock},
}

@Book{Burkitt,
title = {Evangelion da-Mepharreshe},
editor = {F. C. Burkitt},
vols = 2,
location = {Cambridge},
year = {1904},
}


@Book{CSD,
author = {Payne Smith, Jessie},
title = {A Compendious {Syriac} Dictionary},
subtitle = {Founded upon the {Thesaurus Syriacus by R. Payne Smith}},
address = {Oxford},
publisher = {Clarendon Press},
year = {1903},
}

@Book{DuvalSyriaque,
author = {Rubens Duval},
title = {Traité de Grammaire Syriaque},
publisher = {F. Vieweg, libraire-{}éditeur},
year = {1881},
address = {Paris},
OPTurl = {hdl.handle.net/2027/nyp.33433081837225},
}

@Book{Drijvers,
editor = {Han J.W. Drijvers},
title = {The Book of the Laws of the Countries},
subtitle = {Dialogue on Fate of {Bardaiṣan of Edessa}},
location = {Assen},
publisher = {Van Gorcum}, 
year = 1965,
addendum = {Reprint 2007 by Gorgias Press, with new introduction by Jan Willem Drijvers}
}

@Book{Frankenberg,
title = {{Euagrius Ponticus}},
author = {W. Frankenberg},
publisher = {Weidmannsche Buchhandlung},
location = {Berlin},
year = 1912,
series = {Abhandlungen der Königlichen Gesellschaft der Wissenschaften zu Göttingen and Philologisch-Historische Klasse, n.f.},
number = {XIII.2},
OPTurl = {http://archive.org/details/EvagriusPonticus.AbhandlungenDerKniglichenGesellschaftDer},
}

@article{GoldenbergPredicative,
author = {Gideon Goldenberg},
title = {On predicative adjectives and {Syriac} syntax},
journaltitle = {Bibliotheca Orientalis},
date = {1991},
volume = {48},
pages = {716--726},
relatedstring={Reprinted\nopunct},
related={GoldenbergPredicativeReprint},
}

@InBook{GoldenbergPredicativeReprint,
crossref = {GoldenbergStudies},
pages = {579--590},
}

@inCollection{GoldenbergSyriac,
author = {Gideon Goldenberg},
title = {On {Syriac} Sentence-Structure},
booktitle = {Arameans, {Aramaic} and the {Aramaic} Literary Tradition},
editor = {Michael Sokoloff},
date = {1983},
pages = {97--140},
publisher = {Bar-Ilan University Press}, 
location = {Ramat Gan},
series = {Bar-Ilan Studies in Near Eastern Languages and Culture},
relatedstring={Reprinted\nopunct},
related={GoldenbergSyriacReprint},
}

@InBook{GoldenbergSyriacReprint,
crossref = {GoldenbergStudies},
pages = {525--568},
}

@book{GutmanVanPeursen,
  title={The Two {Syriac} Versions of the {Prayer of Manasseh}},
  author={Gutman, Ariel and van Peursen, Willem Th.},
  shortauthor = {{Gutman \& Van Peursen}},
  series={Gorgias Eastern Christian Studies},
  number={30},
  year={2011},
  publisher={Gorgias Press},
  address={Piscataway, NJ}
}

@Book{Hoffmann,
title = {{Julianos der Abtrünnige, syrische Erzählungen}},
editor = {Hoffmann, Johann Georg},
location = {Leiden},
year = 1880
}

@book{JoostenMatthew,
author = {Jan Joosten},
title = {The {Syriac} Language of the {Peshitta} and old {Syriac} Versions of {Matthew}},
subtitle = {Syntactic Structure, Inner-Syriac Developments and Translation Technique},
date = {1996},
series = {Studies in Semitic Languages and Linguistics},
number = {12},
publisher = {Brill},
location = {Leiden},
}

@Book{Land,
editor = {Land, Jan Pieter Nicolaas},
title = {{Anecdota Syriaca}},
volume = {3 \textit{Zachariae Episcopi Mitylenes}},
year = 1870,
publisher = {Brill},
location = {Leiden}

}


@Book{Lee,
title = {Eusebius, bishop of {Cæsarea}, on the \textit{Theophania} or divine manifestation of {Our Lord and Saviour Jesus Christ}},
subtitle = {A {Syriac} version edited from an ancient manuscript recently discovered},
editor = {Lee, Samuel},
publisher = {Society for the Publication of Oriental Texts},
location = {London},
year = 1842,
OPTurl = {hdl.handle.net/2027/hvd.ah648t},
}


@Book{Lewis,
title = {The {Old Syriac Gospels or  Evalngelion da-Mepharreshê}},
editor = {A. S. Lewis},
location = {London},
year = 1910,
}



@Book{Martin,
title = {Chronique de {Josué le Stylite}}, 
subtitle = {Écrite vers l'an 515},
editor = {Paulin Martin},
location = {Leipzig},
publisher = {F. A. Brockhaus},
year = 1876,
series  = {Abhandlungen für die Kunde des Morgenlandes},
number = {VI/1},
}

@Book{Meyer,
author = {Mark Meyer},
title = {A Comparative Dialectical Study of Genitive Constructions in {Aramaic} Translations of {Exodus}},
publisher = {Gorgias Press},
location = {Piscataway, NJ},
series = {Perspectives on Linguistics and Ancient Languages},
number = 2,
year = 2012,
}

@Book{MuraokaSyriac,
author = {Takamitsu Muraoka},
title = {{Classical Syriac}},
subtitle = {A Basic Grammar with a Chrestomathy},
publisher = {Harrassowitz Verlag},
year = {1997},
number = {19},
series = {Porta Linguarum Orientalium - Neue Serie},
address = {Wiesbaden},
}

@Book{MuraokaHebraists,
author = {Takamitsu Muraoka},
title = {{Classical Syriac for Hebraists}},
publisher = {Harrassowitz Verlag},
year = {2013},
number = {6},
series = {Subsidia et Instrumenta Linguarum Orientis},
address = {Wiesbaden},
edition = {2},
}


@Book{NoldekeSyriac,
author = {Nöldeke, Theodor},
title = {{Kurzgefasste Syrische Grammatik}},
publisher = {Chr. Herm. Tauchnitz},
year = {1898},
edition = {2},
address = {Leipzig},
OPTlanguage = {German},
relatedstring = {In English:},
related = {NoldekeSyriacTranslation},
}

@book{NoldekeSyriacTranslation,
title = {Compendious {Syriac} Grammar},
date = {1904},
translator = {James A. Crichton},
OPToriglanguage = {German},
publisher = {Williams \& Norgate},
location = {London},
}




@Article{PatElCorrelative,
author = {Na'ama Pat-El},
title = {The origin and function of the so-called \enquote{correlative} in {Classical Syriac}},
journal = {Folia Orientalia},
year = {2010},
volume = {45--46},
pages = {61--69},
}

@XData{VanPeursen,
author = {van Peursen, Willem Th.},
shortauthor = {{Van Peursen}},
sortname = {Peursen, Willem Th. van},
execute = {\nocite{PeursenRef}},
}

@Misc{PeursenRef,
author =  {{Van Peursen}},
year = {2007--2009},
note = {See under Peursen},
}


@Book{PeursenBenSira,
author = {van Peursen, Willem Th.},
shortauthor = {{Van Peursen}},
sortname = {Peursen, Willem Th. van},
execute = {\nocite{PeursenRef}},
title = {Language and Interpretation in the {Syriac} Text of {Ben Sira}},
subtitle = {A Comparative Linguistic and Literary Study},
publisher = {Brill},
year = {2007},
number = {16},
series = {Monographs of the Peshitta Institute Leiden},
address = {Leiden},
}

@InCollection{PeursenFalla,
author = {van Peursen, Willem Th. and Terry C. Falla},
shortauthor = {{Van Peursen and Falla}},
sortname = {Peursen, Willem Th. van and Terry C. Falla},
execute = {\nocite{PeursenRef}},
title = {The Particles \textsyriac{ܓܶܝܪ} and \textsyriac{ܕܷܝܢ} in {Classical Syriac: Syntactic} and Semantic Aspects},
booktitle = {Foundations for {Syriac} Lexicography II},
booksubtitle = {Colloquia of the International {Syriac} Language Project},
pages = {63--98},
publisher = {Gorgias Press},
year = {2009},
editor = {P. J. Williams},
number = {3},
series = {Perspectives on Syriac Linguistics},
address = {Piscataway, NJ},
}

@article{WertheimerFunctions,
author = {Wertheimer, Ada},
title = {The Functions of the {Syriac} Particle \textit{d-}},
journaltitle = {Le Muséon},
date = {2001},
volume = {114},
number = {3--4},
pages = {259--289},
}

@mvBook{WrightActs,
editor = {William Wright},
title = {Apocryphal acts of the apostles},
subtitle = {Edited from {Syriac} manuscripts in the {British Museum} and other libraries},
publisher = {Williams \& Norgate},
year = {1871},
address = {London},
OPTvolumes = {2},
}

@book{WilliamsKings,
author = {Peter J. Williams},
title = {Studies in the Syntax of the {Peshitta of 1 Kings}},
date = {2001},
series = {Monographs of the Peshitta Institute Leiden},
number = {12},
publisher = {Brill},
location = {Leiden},
}




